<?xml version="1.0" encoding="UTF-8" standalone="yes"?>
<PcGts xmlns="http://schema.primaresearch.org/PAGE/gts/pagecontent/2013-07-15" xmlns:xsi="http://www.w3.org/2001/XMLSchema-instance" xsi:schemaLocation="http://schema.primaresearch.org/PAGE/gts/pagecontent/2013-07-15 http://schema.primaresearch.org/PAGE/gts/pagecontent/2013-07-15/pagecontent.xsd">
    <Metadata>
        <Creator>prov=READ-COOP:name=PyLaia@TranskribusPlatform:version=2.33.0:model_id=419461:lm=none:date=23_10_2025_11:28</Creator>
        <Created>2025-10-15T18:36:36.124+02:00</Created>
        <LastChange>2025-10-23T15:15:00.446+02:00</LastChange>
        <TranskribusMetadata docId="11368999" pageId="104387026" pageNr="1" tsid="258713881" status="GT" userId="30120" imgUrl="https://files.transkribus.eu/Get?fileType=view&amp;id=XEACNDFJFOIDQMSXPKTEUKGS" xmlUrl="https://files.transkribus.eu/Get?id=ROPDQQAZLBSYBRWZVKYRTBBF" imageId="87596798"/>
    </Metadata>
    <Page imageFilename="0001_p001.jpg" imageWidth="2479" imageHeight="3508">
        <ReadingOrder>
            <OrderedGroup id="ro_1764149874346" caption="Regions reading order">
                <RegionRefIndexed index="0" regionRef="r_4"/>
                <RegionRefIndexed index="1" regionRef="r_5"/>
                <RegionRefIndexed index="2" regionRef="r"/>
                <RegionRefIndexed index="3" regionRef="r_6"/>
                <RegionRefIndexed index="4" regionRef="r_2"/>
                <RegionRefIndexed index="5" regionRef="r_3"/>
            </OrderedGroup>
        </ReadingOrder>
        <TextRegion id="r_4" custom="readingOrder {index:0;} structure {type:header;}">
            <Coords points="229,308 229,98 2173,98 2173,308"/>
            <TextLine id="l" custom="readingOrder {index:0;}">
                <Coords points="833,174 855,172 867,181 903,174 932,204 943,206 984,172 996,181 1025,167 1025,136 1007,138 993,127 982,133 953,129 921,102 885,129 864,124 853,131 833,122"/>
                <Baseline points="844,167 850,164 895,164 940,164 985,164 1030,161"/>
                <TextEquiv>
                    <Unicode>FÉMINA</Unicode>
                </TextEquiv>
            </TextLine>
            <TextLine id="l_8" custom="readingOrder {index:1;}">
                <Coords points="1760,127 1783,118 1844,129 1878,106 1907,120 1939,104 1964,122 1998,124 2005,45 1953,34 1914,50 1891,36 1848,52 1826,41 1815,48 1799,32 1767,41"/>
                <Baseline points="1776,104 1782,104 1827,104 1871,104 1916,98 1961,92 2006,92"/>
                <TextEquiv>
                    <Unicode></Unicode>
                </TextEquiv>
            </TextLine>
            <TextLine id="l_9" custom="readingOrder {index:2;}">
                <Coords points="898,258 957,283 1020,258 1328,287 1398,249 1457,285 1579,285 1579,195 1529,170 1450,192 1371,143 1161,161 1095,140 1054,181 1014,167 898,210"/>
                <Baseline points="910,235 913,241 958,241 1003,244 1047,244 1092,241 1137,238 1182,241 1227,238 1271,241 1316,241 1361,241 1406,241 1450,238 1495,238 1540,235 1585,223"/>
                <TextEquiv>
                    <Unicode></Unicode>
                </TextEquiv>
            </TextLine>
            <TextEquiv>
                <Unicode></Unicode>
            </TextEquiv>
        </TextRegion>
        <TextRegion id="r_5" custom="readingOrder {index:1;}">
            <Coords points="2173,308 2173,869 229,869 229,308"/>
            <TextLine id="l_1" custom="readingOrder {index:0;}">
                <Coords points="446,430 1437,407 1717,459 1839,405 1993,421 1941,348 1751,326 1686,360 1457,335 1204,371 1007,326 446,367"/>
                <Baseline points="459,409 477,406 522,409 567,409 612,409 656,409 701,409 746,406 791,406 835,406 880,406 925,406 970,406 1015,403 1059,403 1104,403 1149,403 1194,403 1238,403 1283,400 1328,400 1373,400 1418,400 1462,400 1507,397 1552,397 1597,394 1642,394 1686,394 1731,394 1776,391 1821,394 1865,391 1910,391 1955,391 2000,394"/>
                <TextEquiv>
                    <Unicode>REVISTA GALANTE Y DE INTERESES GENERALES.</Unicode>
                </TextEquiv>
            </TextLine>
            <TextLine id="l_2" custom="readingOrder {index:1;}">
                <Coords points="846,520 1070,536 1106,511 1224,538 1262,516 1339,545 1425,505 1464,532 1591,514 1591,459 1498,437 1437,464 846,455"/>
                <Baseline points="859,504 877,507 922,507 967,507 1012,504 1056,504 1101,504 1146,504 1191,504 1236,504 1280,501 1325,504 1370,501 1415,498 1459,498 1504,498 1549,495 1594,501"/>
                <TextEquiv>
                    <Unicode>DIRECTORA ADMINISTRADORA:</Unicode>
                </TextEquiv>
            </TextLine>
            <TextLine id="l_3" custom="readingOrder {index:2;} person {offset:0; length:24;wikiData:Q41564582;}">
                <Coords points="749,588 1697,570 1697,518 1638,509 1335,548 1303,516 928,548 749,527"/>
                <Baseline points="761,573 806,570 850,573 895,570 940,573 985,573 1030,570 1074,570 1119,570 1164,567 1209,567 1253,567 1298,567 1343,567 1388,567 1433,564 1477,567 1522,564 1567,564 1612,564 1656,561 1701,564"/>
                <TextEquiv>
                    <Unicode>PETRONILA ANGELICA GOMEZ</Unicode>
                </TextEquiv>
            </TextLine>
            <TextLine id="l_4" custom="readingOrder {index:3;}">
                <Coords points="1041,654 1115,631 1183,652 1231,649 1262,629 1394,645 1394,575 1292,595 1256,579 1229,595 1183,597 1161,581 1041,593"/>
                <Baseline points="1053,626 1086,623 1131,623 1176,623 1221,623 1265,620 1310,620 1355,620 1400,620"/>
                <TextEquiv>
                    <Unicode>Maestra Normal.</Unicode>
                </TextEquiv>
            </TextLine>
            <TextLine id="l_5" custom="readingOrder {index:4;}">
                <Coords points="1052,747 1113,758 1154,740 1192,762 1226,735 1278,758 1319,740 1400,744 1403,676 1353,670 1339,683 1308,674 1235,690 1176,674 1143,690 1052,692"/>
                <Baseline points="1065,734 1092,731 1137,728 1182,731 1227,728 1271,728 1316,725 1361,725 1406,728"/>
                <TextEquiv>
                    <Unicode>REDACTORES:</Unicode>
                </TextEquiv>
            </TextLine>
            <TextLine id="l_6" custom="readingOrder {index:5;} person {offset:0; length:15;}">
                <Coords points="934,812 1029,799 1066,826 1127,803 1312,796 1389,819 1425,799 1520,801 1507,744 1190,762 1152,740 1100,760 934,738"/>
                <Baseline points="946,794 988,797 1032,794 1077,797 1122,797 1167,794 1212,791 1256,791 1301,791 1346,791 1391,791 1436,791 1480,788 1525,788"/>
                <TextEquiv>
                    <Unicode>V. VALERA REYES,</Unicode>
                </TextEquiv>
            </TextLine>
            <TextLine id="l_7" custom="readingOrder {index:6;} person {offset:0; length:18;wikiData:Q41564582;} person {offset:20; length:26;}">
                <Coords points="319,873 783,860 869,896 1154,846 1937,880 2000,837 2134,842 2134,785 1928,772 1027,833 848,762 577,824 319,808"/>
                <Baseline points="331,853 349,853 394,853 438,856 483,853 528,853 573,853 618,853 662,850 707,850 752,850 797,847 841,847 886,850 931,847 976,847 1021,850 1065,850 1110,847 1155,844 1200,844 1244,841 1289,841 1334,841 1379,841 1424,838 1468,838 1513,838 1558,835 1603,835 1648,835 1692,832 1737,832 1782,832 1827,832 1871,832 1916,832 1961,829 2006,829 2051,829 2095,826 2140,824"/>
                <TextEquiv>
                    <Unicode>PETRONILA A. GOMEZ, CONSUELO MONTALVO DE FRIAS.</Unicode>
                </TextEquiv>
            </TextLine>
            <TextEquiv>
                <Unicode></Unicode>
            </TextEquiv>
        </TextRegion>
        <TextRegion id="r" custom="readingOrder {index:2;}">
            <Coords points="208,1035 208,896 2298,896 2298,1035"/>
            <TextLine id="l_10" custom="readingOrder {index:0;}">
                <Coords points="229,1018 308,1009 344,993 367,1000 382,989 412,1009 430,1005 428,937 398,941 367,934 317,957 276,939 258,953 226,955"/>
                <Baseline points="241,988 286,985 331,985 376,988 420,991 435,988"/>
                <TextEquiv>
                    <Unicode>Año 1</Unicode>
                </TextEquiv>
            </TextLine>
            <TextLine id="l_11" custom="readingOrder {index:1;} place {offset:0; length:20;wikiData:Q680596;}">
                <Coords points="833,998 1615,975 1602,914 1111,946 1061,923 835,932"/>
                <Baseline points="847,973 859,973 904,976 949,976 994,976 1038,976 1083,973 1128,973 1173,973 1218,973 1262,973 1307,973 1352,970 1397,970 1442,970 1486,967 1531,967 1576,967 1621,967"/>
                <TextEquiv>
                    <Unicode>San Pedro de Macorís, Julio 15 de 1922</Unicode>
                </TextEquiv>
            </TextLine>
            <TextLine id="l_12" custom="readingOrder {index:2;}">
                <Coords points="2095,973 2129,980 2152,962 2177,971 2188,959 2197,962 2201,957 2213,957 2210,907 2181,914 2170,907 2158,910 2152,903 2138,919 2118,919 2111,914 2106,921 2095,921"/>
                <Baseline points="2107,951 2155,955 2200,955 2218,955"/>
                <TextEquiv>
                    <Unicode>No. 1</Unicode>
                </TextEquiv>
            </TextLine>
            <TextEquiv>
                <Unicode></Unicode>
            </TextEquiv>
        </TextRegion>
        <TextRegion id="r_6" custom="readingOrder {index:3;} structure {type:heading;}">
            <Coords points="2298,1035 2298,1170 208,1170 208,1035"/>
            <TextLine id="l_13" custom="readingOrder {index:0;}">
                <Coords points="835,1145 923,1167 1091,1147 1208,1183 1647,1147 1647,1093 1552,1054 1278,1048 1222,1079 1063,1052 1007,1084 837,1066"/>
                <Baseline points="847,1140 892,1140 937,1140 982,1140 1027,1143 1071,1143 1116,1140 1161,1137 1206,1137 1250,1134 1295,1131 1340,1131 1385,1131 1430,1134 1474,1131 1519,1131 1564,1131 1609,1131 1653,1137"/>
                <TextEquiv>
                    <Unicode>YA ES HORA.</Unicode>
                </TextEquiv>
            </TextLine>
            <TextEquiv>
                <Unicode></Unicode>
            </TextEquiv>
        </TextRegion>
        <TextRegion id="r_2" custom="readingOrder {index:4;} structure {type:paragraph;}">
            <Coords points="150,1246 1255,1246 1255,3205 150,3205"/>
            <TextLine id="r_2_tl_1" custom="readingOrder {index:0;}">
                <Coords points="217,1299 319,1305 385,1362 1215,1317 1213,1253 1167,1240 1111,1278 1032,1233 667,1292 217,1229"/>
                <Baseline points="229,1289 274,1298 319,1301 364,1307 406,1322 450,1328 495,1328 540,1328 585,1328 629,1328 674,1325 719,1322 764,1325 809,1322 853,1319 898,1322 943,1322 988,1319 1032,1316 1077,1319 1122,1316 1167,1313 1212,1313 1218,1313"/>
                <TextEquiv>
                    <Unicode>APARECE esta revista cientifico-</Unicode>
                </TextEquiv>
            </TextLine>
            <TextLine id="r_2_tl_2" custom="readingOrder {index:1;}">
                <Coords points="364,1378 520,1405 1215,1385 1215,1319 543,1351 364,1312"/>
                <Baseline points="376,1367 420,1373 465,1379 510,1379 555,1379 600,1379 644,1379 689,1376 734,1379 779,1376 824,1376 868,1373 913,1373 958,1373 1003,1370 1047,1373 1092,1373 1137,1370 1182,1367 1221,1367"/>
                <TextEquiv>
                    <Unicode>literaria y de intereses generales</Unicode>
                </TextEquiv>
            </TextLine>
            <TextLine id="r_2_tl_4" custom="readingOrder {index:2;}">
                <Coords points="405,1423 475,1457 1195,1443 1210,1389 405,1398"/>
                <Baseline points="417,1418 459,1430 504,1433 549,1433 594,1433 638,1433 683,1430 728,1430 773,1427 818,1427 862,1427 907,1427 952,1427 997,1427 1041,1424 1086,1424 1131,1424 1176,1421 1215,1421"/>
                <TextEquiv>
                    <Unicode>en momentos bien aflictivos para</Unicode>
                </TextEquiv>
            </TextLine>
            <TextLine id="r_2_tl_5" custom="readingOrder {index:3;}">
                <Coords points="244,1498 1210,1493 1210,1439 1174,1430 509,1462 391,1405 244,1434"/>
                <Baseline points="256,1468 304,1468 349,1471 394,1471 438,1480 483,1480 528,1483 573,1486 618,1483 662,1483 707,1483 752,1483 797,1483 841,1480 886,1480 931,1480 976,1480 1021,1477 1065,1477 1110,1477 1155,1474 1200,1474 1215,1468"/>
                <TextEquiv>
                    <Unicode>la familia dominicana; aparece</Unicode>
                </TextEquiv>
            </TextLine>
            <TextLine id="r_2_tl_6" custom="readingOrder {index:4;}">
                <Coords points="199,1559 1179,1557 1219,1498 201,1491"/>
                <Baseline points="211,1540 238,1543 283,1543 328,1543 373,1543 417,1543 462,1540 507,1540 552,1537 597,1537 641,1537 686,1537 731,1537 776,1534 821,1534 865,1534 910,1531 955,1531 1000,1531 1044,1531 1089,1531 1134,1528 1179,1528 1224,1525"/>
                <TextEquiv>
                    <Unicode>cuando sobre el santo suelo de la Patria</Unicode>
                </TextEquiv>
            </TextLine>
            <TextLine id="r_2_tl_7" custom="readingOrder {index:5;}">
                <Coords points="204,1606 1165,1604 1213,1548 206,1557"/>
                <Baseline points="217,1594 232,1597 277,1600 322,1600 367,1597 412,1597 456,1594 501,1591 546,1591 591,1591 635,1591 680,1588 725,1588 770,1588 815,1588 859,1588 904,1582 949,1585 994,1582 1038,1582 1083,1582 1128,1582 1173,1582 1218,1573"/>
                <TextEquiv>
                    <Unicode>soplan las ráfagas del mas insólito impe-</Unicode>
                </TextEquiv>
            </TextLine>
            <TextLine id="r_2_tl_8" custom="readingOrder {index:6;}">
                <Coords points="192,1663 1215,1643 1181,1593 195,1613"/>
                <Baseline points="208,1650 235,1653 280,1650 325,1650 370,1650 414,1648 459,1648 504,1648 549,1645 594,1642 638,1642 683,1642 728,1642 773,1642 818,1642 862,1639 907,1639 952,1639 997,1636 1041,1636 1086,1636 1131,1633 1176,1633 1221,1630"/>
                <TextEquiv>
                    <Unicode>rialismo; aparece cuando mas necesaria es</Unicode>
                </TextEquiv>
            </TextLine>
            <TextLine id="r_2_tl_9" custom="readingOrder {index:7;}">
                <Coords points="210,1720 1213,1699 1213,1643 213,1677"/>
                <Baseline points="223,1707 232,1704 277,1704 322,1704 367,1701 412,1701 456,1701 501,1701 546,1698 591,1695 635,1695 680,1695 725,1695 770,1695 815,1692 859,1692 904,1692 949,1692 994,1689 1038,1689 1083,1686 1128,1686 1173,1686 1218,1683"/>
                <TextEquiv>
                    <Unicode>una labor de cooperación, y cuando se ne-</Unicode>
                </TextEquiv>
            </TextLine>
            <TextLine id="r_2_tl_10" custom="readingOrder {index:8;}">
                <Coords points="201,1772 1215,1749 1215,1701 1145,1695 204,1724"/>
                <Baseline points="214,1758 235,1755 280,1755 325,1755 370,1755 414,1755 459,1752 504,1749 549,1749 594,1749 638,1749 683,1749 728,1746 773,1746 818,1746 862,1743 907,1743 952,1743 997,1743 1041,1740 1086,1740 1131,1740 1176,1740 1221,1737"/>
                <TextEquiv>
                    <Unicode>cesita edificar con acciones y pensamientos</Unicode>
                </TextEquiv>
            </TextLine>
            <TextLine id="r_2_tl_11" custom="readingOrder {index:9;}">
                <Coords points="204,1830 1204,1801 1204,1762 1122,1749 206,1781"/>
                <Baseline points="217,1812 223,1809 268,1806 313,1809 358,1809 403,1809 447,1806 492,1806 537,1806 582,1803 626,1800 671,1800 716,1800 761,1800 806,1797 850,1797 895,1797 940,1797 985,1794 1030,1794 1074,1791 1119,1791 1164,1791 1209,1791"/>
                <TextEquiv>
                    <Unicode>de noble civismo y abnegación sin límites.</Unicode>
                </TextEquiv>
            </TextLine>
            <TextLine id="r_2_tl_12" custom="readingOrder {index:10;}">
                <Coords points="260,1882 1222,1871 1222,1810 1186,1799 262,1817"/>
                <Baseline points="274,1857 286,1854 331,1859 376,1859 420,1859 465,1859 510,1859 555,1859 600,1857 644,1857 689,1854 734,1854 779,1854 824,1854 868,1851 913,1851 958,1848 1003,1848 1047,1848 1092,1848 1137,1845 1182,1842 1227,1839"/>
                <TextEquiv>
                    <Unicode>Verdad es que hasta ahora hemos podi-</Unicode>
                </TextEquiv>
            </TextLine>
            <TextLine id="r_2_tl_13" custom="readingOrder {index:11;}">
                <Coords points="201,1937 1224,1914 1222,1862 1034,1855 201,1887"/>
                <Baseline points="214,1916 244,1916 289,1916 334,1916 379,1913 423,1913 468,1913 513,1910 558,1910 603,1910 647,1907 692,1904 737,1907 782,1907 826,1904 871,1904 916,1904 961,1904 1006,1901 1050,1901 1095,1901 1140,1898 1185,1898 1230,1898"/>
                <TextEquiv>
                    <Unicode>do, gracias a nuestra conducta loada con</Unicode>
                </TextEquiv>
            </TextLine>
            <TextLine id="r_2_tl_14" custom="readingOrder {index:12;}">
                <Coords points="208,1977 1217,1959 1217,1919 1145,1905 208,1934"/>
                <Baseline points="220,1964 238,1964 283,1967 328,1967 373,1964 417,1964 462,1964 507,1964 552,1961 597,1964 641,1961 686,1961 731,1958 776,1958 821,1958 865,1958 910,1955 955,1955 1000,1955 1044,1955 1089,1955 1134,1952 1179,1949 1224,1952"/>
                <TextEquiv>
                    <Unicode>calor por los pueblos hermanos enclavados</Unicode>
                </TextEquiv>
            </TextLine>
            <TextLine id="r_2_tl_15" custom="readingOrder {index:13;}">
                <Coords points="210,2036 1222,2020 1204,1957 210,1989"/>
                <Baseline points="223,2021 241,2021 286,2021 331,2018 376,2021 420,2018 465,2018 510,2018 555,2018 600,2015 644,2015 689,2012 734,2012 779,2012 824,2009 868,2009 913,2009 958,2009 1003,2009 1047,2006 1092,2009 1137,2006 1182,2003 1227,2006"/>
                <TextEquiv>
                    <Unicode>en el vasto continente colombino, impedir</Unicode>
                </TextEquiv>
            </TextLine>
            <TextLine id="r_2_tl_16" custom="readingOrder {index:14;}">
                <Coords points="210,2102 308,2072 1215,2084 1195,2014 213,2036"/>
                <Baseline points="223,2077 238,2074 283,2071 328,2071 373,2071 417,2071 462,2071 507,2071 552,2068 597,2068 641,2065 686,2065 731,2063 776,2063 821,2063 865,2063 910,2063 955,2063 1000,2063 1044,2060 1089,2060 1134,2060 1179,2057 1224,2057"/>
                <TextEquiv>
                    <Unicode>los designios, de la fuerza interventora</Unicode>
                </TextEquiv>
            </TextLine>
            <TextLine id="r_2_tl_17" custom="readingOrder {index:15;}">
                <Coords points="210,2156 1215,2118 1181,2068 210,2100"/>
                <Baseline points="223,2131 235,2131 280,2128 325,2125 370,2125 414,2125 459,2122 504,2122 549,2122 594,2122 638,2119 683,2119 728,2119 773,2119 818,2119 862,2116 907,2116 952,2110 997,2113 1041,2110 1086,2107 1131,2110 1176,2107 1221,2107"/>
                <TextEquiv>
                    <Unicode>que ha detentado nuestra preciosa sobera-</Unicode>
                </TextEquiv>
            </TextLine>
            <TextLine id="r_2_tl_18" custom="readingOrder {index:16;}">
                <Coords points="208,2192 1215,2172 1215,2129 1131,2118 210,2156"/>
                <Baseline points="223,2182 235,2182 280,2182 325,2182 370,2179 414,2179 459,2176 504,2176 549,2176 594,2176 638,2170 683,2170 728,2170 773,2170 818,2170 862,2167 907,2167 952,2167 997,2167 1041,2164 1086,2164 1131,2164 1176,2164 1221,2161"/>
                <TextEquiv>
                    <Unicode>nía por mas de seis años de dura servidum-</Unicode>
                </TextEquiv>
            </TextLine>
            <TextLine id="r_2_tl_19" custom="readingOrder {index:17;}">
                <Coords points="213,2244 1222,2224 1204,2170 213,2192"/>
                <Baseline points="226,2233 241,2230 286,2233 331,2230 376,2230 420,2227 465,2230 510,2230 555,2227 600,2224 644,2224 689,2224 734,2221 779,2221 824,2221 868,2221 913,2221 958,2221 1003,2218 1047,2218 1092,2218 1137,2215 1182,2215 1227,2209"/>
                <TextEquiv>
                    <Unicode>bre; cierto que a pesar de nuestra dispari-</Unicode>
                </TextEquiv>
            </TextLine>
            <TextLine id="r_2_tl_20" custom="readingOrder {index:18;}">
                <Coords points="213,2303 1070,2296 1233,2276 1235,2222 213,2244"/>
                <Baseline points="226,2286 253,2286 298,2286 343,2283 388,2283 432,2280 477,2280 522,2280 567,2280 612,2277 656,2277 701,2277 746,2274 791,2274 835,2271 880,2271 925,2274 970,2271 1015,2271 1059,2271 1104,2271 1149,2269 1194,2266 1238,2269"/>
                <TextEquiv>
                    <Unicode>dad de criterios y de nuestras lamentables</Unicode>
                </TextEquiv>
            </TextLine>
            <TextLine id="r_2_tl_21" custom="readingOrder {index:19;}">
                <Coords points="208,2346 1233,2337 1233,2274 210,2310"/>
                <Baseline points="220,2337 253,2340 298,2337 343,2337 388,2334 432,2337 477,2334 522,2334 567,2331 612,2331 656,2331 701,2331 746,2328 791,2328 835,2325 880,2325 925,2325 970,2325 1015,2325 1059,2322 1104,2322 1149,2322 1194,2319 1238,2316"/>
                <TextEquiv>
                    <Unicode>desavenencias en el modus procedendi</Unicode>
                </TextEquiv>
            </TextLine>
            <TextLine id="r_2_tl_22" custom="readingOrder {index:20;}">
                <Coords points="219,2412 1222,2382 1186,2333 222,2355"/>
                <Baseline points="235,2397 241,2394 286,2391 331,2391 376,2391 420,2388 465,2388 510,2385 555,2385 600,2385 644,2385 689,2385 734,2382 779,2382 824,2379 868,2379 913,2379 958,2379 1003,2376 1047,2376 1092,2373 1137,2373 1182,2373 1227,2373"/>
                <TextEquiv>
                    <Unicode>para la reivindicación de nuestros dere-</Unicode>
                </TextEquiv>
            </TextLine>
            <TextLine id="r_2_tl_23" custom="readingOrder {index:21;}">
                <Coords points="217,2462 1233,2450 1233,2391 1138,2382 217,2416"/>
                <Baseline points="229,2445 253,2445 298,2445 343,2442 388,2442 432,2439 477,2439 522,2439 567,2439 612,2439 656,2439 701,2436 746,2433 791,2433 835,2433 880,2433 925,2433 970,2430 1015,2430 1059,2430 1104,2430 1149,2427 1194,2424 1238,2424"/>
                <TextEquiv>
                    <Unicode>chos, hemos mantenido en alto la bandera</Unicode>
                </TextEquiv>
            </TextLine>
            <TextLine id="r_2_tl_24" custom="readingOrder {index:22;}">
                <Coords points="208,2514 1235,2498 1197,2434 208,2457"/>
                <Baseline points="220,2495 256,2495 301,2495 346,2492 391,2495 435,2495 480,2495 525,2492 570,2489 615,2489 659,2489 704,2489 749,2489 794,2486 838,2486 883,2486 928,2486 973,2483 1018,2483 1062,2483 1107,2480 1152,2480 1197,2480 1241,2477"/>
                <TextEquiv>
                    <Unicode>de la rebeldía cívica; cierto, es verdad, to-</Unicode>
                </TextEquiv>
            </TextLine>
            <TextLine id="r_2_tl_25" custom="readingOrder {index:23;}">
                <Coords points="217,2568 1224,2548 1224,2493 1154,2484 217,2514"/>
                <Baseline points="229,2546 244,2546 289,2549 334,2549 379,2549 423,2546 468,2546 513,2546 558,2543 603,2543 647,2540 692,2537 737,2537 782,2537 826,2537 871,2537 916,2537 961,2537 1006,2537 1050,2534 1095,2534 1140,2534 1185,2531 1230,2528"/>
                <TextEquiv>
                    <Unicode>do ello; pero á nadie se le oculta que si hu-</Unicode>
                </TextEquiv>
            </TextLine>
            <TextLine id="r_2_tl_26" custom="readingOrder {index:24;}">
                <Coords points="226,2620 1231,2600 1217,2543 226,2568"/>
                <Baseline points="238,2600 250,2600 295,2600 340,2597 385,2597 429,2597 474,2597 519,2597 564,2594 609,2594 653,2597 698,2594 743,2594 788,2594 832,2591 877,2591 922,2591 967,2591 1012,2588 1056,2588 1101,2588 1146,2585 1191,2585 1236,2585"/>
                <TextEquiv>
                    <Unicode>biera existido un solo pensamiento, una</Unicode>
                </TextEquiv>
            </TextLine>
            <TextLine id="r_2_tl_27" custom="readingOrder {index:25;}">
                <Coords points="213,2663 1222,2661 1238,2602 213,2618"/>
                <Baseline points="226,2657 256,2654 301,2654 346,2654 391,2651 435,2651 480,2651 525,2651 570,2651 615,2648 659,2645 704,2645 749,2642 794,2645 838,2645 883,2645 928,2645 973,2642 1018,2642 1062,2642 1107,2642 1152,2639 1197,2639 1241,2639"/>
                <TextEquiv>
                    <Unicode>sola acción para el logro de nuestro anhelo</Unicode>
                </TextEquiv>
            </TextLine>
            <TextLine id="r_2_tl_28" custom="readingOrder {index:26;}">
                <Coords points="219,2715 1235,2713 1217,2647 222,2681"/>
                <Baseline points="232,2707 259,2707 304,2707 349,2707 394,2704 438,2704 483,2704 528,2704 573,2701 618,2698 662,2698 707,2698 752,2698 797,2695 841,2695 886,2695 931,2695 976,2695 1021,2695 1065,2692 1110,2692 1155,2692 1200,2689 1244,2686"/>
                <TextEquiv>
                    <Unicode>nos hubiésemos ahorrado muchos disgustos</Unicode>
                </TextEquiv>
            </TextLine>
            <TextLine id="r_2_tl_29" custom="readingOrder {index:27;}">
                <Coords points="229,2787 1217,2776 1238,2706 231,2722"/>
                <Baseline points="241,2758 256,2761 301,2761 346,2758 391,2758 435,2755 480,2752 525,2755 570,2755 615,2755 659,2752 704,2752 749,2752 794,2749 838,2749 883,2749 928,2749 973,2749 1018,2749 1062,2749 1107,2749 1152,2746 1197,2743 1241,2740"/>
                <TextEquiv>
                    <Unicode>y no pocos entorpecimientos que han obra-</Unicode>
                </TextEquiv>
            </TextLine>
            <TextLine id="r_2_tl_30" custom="readingOrder {index:28;}">
                <Coords points="213,2830 701,2826 704,2774 296,2790 267,2776 213,2796"/>
                <Baseline points="226,2812 259,2815 304,2812 349,2812 394,2812 438,2812 483,2812 528,2809 573,2809 618,2806 662,2803 707,2806"/>
                <TextEquiv>
                    <Unicode>do en nuestro daño.</Unicode>
                </TextEquiv>
            </TextLine>
            <TextLine id="r_2_tl_31" custom="readingOrder {index:29;}">
                <Coords points="274,2894 1238,2869 1240,2812 1023,2778 848,2824 733,2799 462,2842 274,2824"/>
                <Baseline points="286,2866 304,2866 349,2866 394,2866 438,2863 483,2863 528,2860 573,2857 618,2860 662,2860 707,2857 752,2857 797,2857 841,2860 886,2857 931,2857 976,2854 1021,2854 1065,2854 1110,2851 1155,2851 1200,2851 1244,2854"/>
                <TextEquiv>
                    <Unicode>Hemos resistido con gallarda rebeldía;</Unicode>
                </TextEquiv>
            </TextLine>
            <TextLine id="r_2_tl_32" custom="readingOrder {index:30;}">
                <Coords points="224,2944 1242,2916 1242,2869 1204,2858 226,2880"/>
                <Baseline points="238,2922 262,2919 307,2919 352,2916 397,2919 441,2919 486,2916 531,2916 576,2916 620,2913 665,2913 710,2910 755,2910 800,2910 844,2910 889,2910 934,2907 979,2907 1024,2907 1068,2904 1113,2904 1158,2904 1203,2901 1247,2901"/>
                <TextEquiv>
                    <Unicode>pero sin unidad de acción, sin unidad de</Unicode>
                </TextEquiv>
            </TextLine>
            <TextLine id="r_2_tl_33" custom="readingOrder {index:31;}">
                <Coords points="238,2993 1238,2973 1240,2912 238,2946"/>
                <Baseline points="250,2976 259,2973 304,2973 349,2973 394,2973 438,2970 483,2967 528,2967 573,2967 618,2967 662,2964 707,2964 752,2961 797,2961 841,2961 886,2961 931,2961 976,2958 1021,2958 1065,2958 1110,2955 1155,2955 1200,2955 1244,2949"/>
                <TextEquiv>
                    <Unicode>pensamientos, sin cooperación disciplina-</Unicode>
                </TextEquiv>
            </TextLine>
            <TextLine id="r_2_tl_34" custom="readingOrder {index:32;}">
                <Coords points="219,3027 581,3075 803,3025 878,3057 1156,3052 1235,3016 1238,2973 219,2998"/>
                <Baseline points="232,3024 253,3027 298,3030 343,3027 388,3027 432,3027 477,3027 522,3024 567,3021 612,3021 656,3021 701,3018 746,3018 791,3018 835,3015 880,3015 925,3015 970,3015 1015,3012 1059,3012 1104,3009 1149,3006 1194,3006 1238,3006"/>
                <TextEquiv>
                    <Unicode>da. Negarlo equivaldría á negar lo evi-</Unicode>
                </TextEquiv>
            </TextLine>
            <TextLine id="r_2_tl_35" custom="readingOrder {index:33;}">
                <Coords points="219,3115 253,3115 294,3086 321,3100 330,3093 355,3106 389,3097 391,3045 348,3052 330,3036 299,3054 260,3036 253,3043 222,3045"/>
                <Baseline points="232,3081 259,3081 304,3081 349,3081 394,3078"/>
                <TextEquiv>
                    <Unicode>dente.</Unicode>
                </TextEquiv>
            </TextLine>
            <TextLine id="r_2_tl_36" custom="readingOrder {index:34;}">
                <Coords points="274,3163 1075,3131 1244,3179 1247,3077 1057,3059 941,3093 683,3052 493,3100 276,3084"/>
                <Baseline points="289,3134 313,3134 358,3134 403,3134 447,3131 492,3131 537,3128 582,3128 626,3128 671,3125 716,3125 761,3125 806,3122 850,3122 895,3122 940,3119 985,3119 1030,3119 1074,3119 1119,3116 1164,3113 1209,3113 1253,3113"/>
                <TextEquiv>
                    <Unicode>La única identidad nuestra solo ha con-</Unicode>
                </TextEquiv>
            </TextLine>
            <TextLine id="r_2_tl_3" custom="readingOrder {index:35;}">
                <Coords points="222,1443 278,1430 301,1410 360,1407 380,1414 378,1335 357,1330 330,1308 290,1321 281,1315 262,1321 253,1312 231,1335 219,1335"/>
                <Baseline points="235,1394 280,1388 325,1388 370,1394 385,1400"/>
                <TextEquiv>
                    <Unicode></Unicode>
                </TextEquiv>
            </TextLine>
            <TextEquiv>
                <Unicode></Unicode>
            </TextEquiv>
        </TextRegion>
        <TextRegion id="r_3" custom="readingOrder {index:5;} structure {type:paragraph;}">
            <Coords points="1255,1253 2330,1253 2330,3201 1255,3201"/>
            <TextLine id="r_3_tl_1" custom="readingOrder {index:0;}">
                <Coords points="1240,1326 2296,1310 2299,1210 2145,1267 1903,1231 1634,1276 1242,1242"/>
                <Baseline points="1253,1313 1271,1313 1316,1313 1361,1313 1406,1310 1450,1310 1495,1310 1540,1310 1585,1310 1630,1307 1674,1307 1719,1307 1764,1304 1809,1301 1854,1301 1898,1301 1943,1301 1988,1301 2033,1301 2077,1298 2122,1298 2167,1295 2212,1295 2257,1292 2301,1289"/>
                <TextEquiv>
                    <Unicode>sistido en oponer como infranqueable valor</Unicode>
                </TextEquiv>
            </TextLine>
            <TextLine id="r_3_tl_2" custom="readingOrder {index:1;}">
                <Coords points="1244,1387 2278,1358 2278,1299 1247,1328"/>
                <Baseline points="1259,1364 1298,1367 1343,1364 1388,1364 1433,1364 1477,1361 1522,1361 1567,1361 1612,1361 1656,1358 1701,1358 1746,1355 1791,1358 1836,1355 1880,1355 1925,1355 1970,1355 2015,1355 2060,1352 2104,1352 2149,1349 2194,1343 2239,1343 2283,1343"/>
                <TextEquiv>
                    <Unicode>a los aviesos tanteos del ocupante, nuestra</Unicode>
                </TextEquiv>
            </TextLine>
            <TextLine id="r_3_tl_3" custom="readingOrder {index:2;}">
                <Coords points="1253,1432 2292,1416 2292,1358 1253,1391"/>
                <Baseline points="1265,1418 1310,1415 1355,1418 1400,1418 1444,1418 1489,1415 1534,1415 1579,1415 1624,1412 1668,1412 1713,1409 1758,1409 1803,1409 1848,1409 1892,1406 1937,1406 1982,1406 2027,1406 2071,1403 2116,1403 2161,1403 2206,1400 2251,1400 2295,1397"/>
                <TextEquiv>
                    <Unicode>rotunda negativa. Somos el pueblo ...</Unicode>
                </TextEquiv>
            </TextLine>
            <TextLine id="r_3_tl_4" custom="readingOrder {index:3;}">
                <Coords points="1253,1489 2287,1473 2290,1428 1256,1423"/>
                <Baseline points="1265,1468 1307,1471 1352,1468 1397,1468 1442,1468 1486,1468 1531,1468 1576,1465 1621,1465 1665,1465 1710,1465 1755,1462 1800,1462 1845,1462 1889,1459 1934,1459 1979,1459 2024,1459 2068,1456 2113,1456 2158,1453 2203,1450 2248,1450 2292,1450"/>
                <TextEquiv>
                    <Unicode>NO, como nos llama la prensa suramerica-</Unicode>
                </TextEquiv>
            </TextLine>
            <TextLine id="r_3_tl_5" custom="readingOrder {index:4;}">
                <Coords points="1262,1548 2093,1509 2283,1536 2260,1462 1262,1486"/>
                <Baseline points="1274,1522 1304,1525 1349,1525 1394,1522 1439,1522 1483,1522 1528,1519 1573,1516 1618,1516 1662,1516 1707,1516 1752,1516 1797,1516 1842,1513 1886,1513 1931,1510 1976,1507 2021,1510 2065,1510 2110,1507 2155,1507 2200,1507 2245,1504 2289,1501"/>
                <TextEquiv>
                    <Unicode>na. En lo único que hemos estado de co-</Unicode>
                </TextEquiv>
            </TextLine>
            <TextLine id="r_3_tl_6" custom="readingOrder {index:5;}">
                <Coords points="1253,1595 2186,1570 2186,1532 2095,1518 1253,1539"/>
                <Baseline points="1265,1579 1295,1579 1340,1576 1385,1576 1430,1573 1474,1573 1519,1573 1564,1573 1609,1570 1653,1570 1698,1570 1743,1570 1788,1567 1833,1564 1877,1567 1922,1567 1967,1564 2012,1564 2057,1561 2101,1561 2146,1555 2191,1558"/>
                <TextEquiv>
                    <Unicode>mún acuerdo, es en no ceder un solo ...</Unicode>
                </TextEquiv>
            </TextLine>
            <TextLine id="r_3_tl_7" custom="readingOrder {index:6;}">
                <Coords points="1253,1652 2201,1640 2296,1622 2299,1572 1256,1597"/>
                <Baseline points="1265,1630 1274,1630 1319,1630 1364,1630 1409,1627 1453,1627 1498,1627 1543,1624 1588,1624 1633,1624 1677,1621 1722,1621 1767,1621 1812,1621 1857,1621 1901,1618 1946,1618 1991,1618 2036,1615 2080,1615 2125,1612 2170,1609 2215,1612 2260,1612 2304,1609"/>
                <TextEquiv>
                    <Unicode>metro de nuestros inalienables derechos.</Unicode>
                </TextEquiv>
            </TextLine>
            <TextLine id="r_3_tl_8" custom="readingOrder {index:7;}">
                <Coords points="1305,1686 2154,1690 2281,1677 2283,1638 1305,1640"/>
                <Baseline points="1319,1680 1346,1680 1391,1680 1436,1677 1480,1680 1525,1680 1570,1677 1615,1677 1659,1674 1704,1674 1749,1671 1794,1674 1839,1671 1883,1671 1928,1671 1973,1668 2018,1668 2063,1668 2107,1668 2152,1665 2197,1668 2242,1665 2286,1665"/>
                <TextEquiv>
                    <Unicode>Pero a nuestro entender eso no basta, ya,</Unicode>
                </TextEquiv>
            </TextLine>
            <TextLine id="r_3_tl_9" custom="readingOrder {index:8;}">
                <Coords points="1256,1756 2231,1726 2287,1753 2269,1674 1410,1710 1258,1672"/>
                <Baseline points="1271,1743 1307,1737 1352,1734 1397,1734 1442,1731 1486,1731 1531,1731 1576,1731 1621,1731 1665,1728 1710,1728 1755,1728 1800,1728 1845,1725 1889,1725 1934,1725 1979,1722 2024,1722 2068,1722 2113,1722 2158,1722 2203,1719 2248,1716 2292,1716"/>
                <TextEquiv>
                    <Unicode>preciso procurar poner en juego nuestras</Unicode>
                </TextEquiv>
            </TextLine>
            <TextLine id="r_3_tl_10" custom="readingOrder {index:9;}">
                <Coords points="1253,1810 2269,1783 2272,1726 1256,1756"/>
                <Baseline points="1265,1788 1289,1791 1334,1788 1379,1785 1424,1785 1468,1785 1513,1785 1558,1782 1603,1782 1648,1782 1692,1779 1737,1779 1782,1776 1827,1776 1871,1776 1916,1776 1961,1776 2006,1773 2051,1773 2095,1773 2140,1773 2185,1773 2230,1770 2274,1770"/>
                <TextEquiv>
                    <Unicode>actividades colectivas con una orientación</Unicode>
                </TextEquiv>
            </TextLine>
            <TextLine id="r_3_tl_11" custom="readingOrder {index:10;}">
                <Coords points="1265,1855 2272,1846 2272,1781 2235,1778 1265,1812"/>
                <Baseline points="1277,1842 1292,1842 1337,1842 1382,1842 1427,1839 1471,1839 1516,1836 1561,1836 1606,1836 1650,1836 1695,1833 1740,1833 1785,1830 1830,1833 1874,1830 1919,1827 1964,1827 2009,1827 2054,1827 2098,1827 2143,1827 2188,1824 2233,1824 2277,1821"/>
                <TextEquiv>
                    <Unicode>exclusiva y absoluta; es preciso tratar de</Unicode>
                </TextEquiv>
            </TextLine>
            <TextLine id="r_3_tl_12" custom="readingOrder {index:11;}">
                <Coords points="1272,1914 2201,1903 2269,1898 2272,1846 1274,1851"/>
                <Baseline points="1283,1895 1292,1895 1337,1892 1382,1892 1427,1892 1471,1892 1516,1889 1561,1886 1606,1889 1650,1889 1695,1886 1740,1886 1785,1883 1830,1880 1874,1883 1919,1880 1964,1880 2009,1877 2054,1880 2098,1877 2143,1877 2188,1877 2233,1877 2277,1874"/>
                <TextEquiv>
                    <Unicode>que no haya un solo elemento social que</Unicode>
                </TextEquiv>
            </TextLine>
            <TextLine id="r_3_tl_13" custom="readingOrder {index:12;}">
                <Coords points="1272,1966 2276,1943 2276,1896 2235,1887 1272,1914"/>
                <Baseline points="1283,1952 1295,1949 1340,1949 1385,1946 1430,1946 1474,1943 1519,1940 1564,1940 1609,1940 1653,1940 1698,1937 1743,1937 1788,1937 1833,1934 1877,1934 1922,1934 1967,1934 2012,1934 2057,1934 2101,1931 2146,1931 2191,1928 2236,1928 2280,1931"/>
                <TextEquiv>
                    <Unicode>permanezca inactivo en la ardua tarea de</Unicode>
                </TextEquiv>
            </TextLine>
            <TextLine id="r_3_tl_14" custom="readingOrder {index:13;}">
                <Coords points="1265,2016 2283,1993 2283,1948 2217,1937 1267,1971"/>
                <Baseline points="1277,2000 1301,2000 1346,2000 1391,2000 1436,1997 1480,1997 1525,1997 1570,1994 1615,1994 1659,1994 1704,1994 1749,1991 1794,1988 1839,1991 1883,1988 1928,1988 1973,1988 2018,1988 2063,1988 2107,1985 2152,1985 2197,1985 2242,1982 2286,1979"/>
                <TextEquiv>
                    <Unicode>romper nuestras cadenas, y de ahí que ha-</Unicode>
                </TextEquiv>
            </TextLine>
            <TextLine id="r_3_tl_15" custom="readingOrder {index:14;}">
                <Coords points="1272,2070 2272,2048 2253,1993 1272,2016"/>
                <Baseline points="1283,2051 1292,2051 1337,2054 1382,2051 1427,2048 1471,2048 1516,2051 1561,2048 1606,2048 1650,2045 1695,2045 1740,2045 1785,2042 1830,2042 1874,2042 1919,2042 1964,2039 2009,2039 2054,2036 2098,2036 2143,2039 2188,2036 2233,2033 2277,2030"/>
                <TextEquiv>
                    <Unicode>yamos concebido el propósito de publicar</Unicode>
                </TextEquiv>
            </TextLine>
            <TextLine id="r_3_tl_16" custom="readingOrder {index:15;}">
                <Coords points="1267,2120 2274,2106 2253,2045 1267,2077"/>
                <Baseline points="1280,2107 1295,2104 1340,2104 1385,2104 1430,2101 1474,2101 1519,2101 1564,2101 1609,2101 1653,2101 1698,2098 1743,2095 1788,2095 1833,2095 1877,2095 1922,2092 1967,2089 2012,2089 2057,2089 2101,2089 2146,2092 2191,2089 2236,2086 2280,2086"/>
                <TextEquiv>
                    <Unicode>una revista en que, laborando por la uni-</Unicode>
                </TextEquiv>
            </TextLine>
            <TextLine id="r_3_tl_17" custom="readingOrder {index:16;}">
                <Coords points="1265,2170 2281,2154 2281,2111 2111,2091 1265,2120"/>
                <Baseline points="1277,2158 1298,2158 1343,2158 1388,2155 1433,2155 1477,2152 1522,2155 1567,2155 1612,2152 1656,2152 1701,2152 1746,2152 1791,2149 1836,2146 1880,2143 1925,2143 1970,2146 2015,2146 2060,2143 2104,2143 2149,2143 2194,2143 2239,2140 2283,2143"/>
                <TextEquiv>
                    <Unicode>ficación nacional, ofrezca ancho campo a</Unicode>
                </TextEquiv>
            </TextLine>
            <TextLine id="r_3_tl_18" custom="readingOrder {index:17;}">
                <Coords points="1265,2220 2272,2201 2272,2165 2206,2149 1932,2183 1265,2170"/>
                <Baseline points="1277,2209 1292,2209 1337,2212 1382,2209 1427,2209 1471,2206 1516,2209 1561,2206 1606,2206 1650,2206 1695,2203 1740,2203 1785,2203 1830,2203 1874,2200 1919,2197 1964,2203 2009,2200 2054,2197 2098,2197 2143,2197 2188,2194 2233,2194 2277,2191"/>
                <TextEquiv>
                    <Unicode>la mujer dominicana, para que tan pode-</Unicode>
                </TextEquiv>
            </TextLine>
            <TextLine id="r_3_tl_19" custom="readingOrder {index:18;}">
                <Coords points="1267,2283 2285,2272 2287,2210 2253,2204 1269,2226"/>
                <Baseline points="1280,2266 1307,2263 1352,2263 1397,2263 1442,2260 1486,2260 1531,2260 1576,2257 1621,2257 1665,2257 1710,2257 1755,2254 1800,2254 1845,2251 1889,2251 1934,2251 1979,2251 2024,2251 2068,2251 2113,2251 2158,2248 2203,2248 2248,2248 2292,2251"/>
                <TextEquiv>
                    <Unicode>roso agente produzca sin el menor estorbo,</Unicode>
                </TextEquiv>
            </TextLine>
            <TextLine id="r_3_tl_20" custom="readingOrder {index:19;}">
                <Coords points="1267,2342 2023,2326 2050,2269 1267,2283"/>
                <Baseline points="1280,2319 1292,2316 1337,2316 1382,2316 1427,2313 1471,2313 1516,2310 1561,2310 1606,2310 1650,2310 1695,2310 1740,2307 1785,2307 1830,2304 1874,2304 1919,2301 1964,2301 2009,2304 2054,2301"/>
                <TextEquiv>
                    <Unicode>su acción fecunda y bienhechora.</Unicode>
                </TextEquiv>
            </TextLine>
            <TextLine id="r_3_tl_21" custom="readingOrder {index:20;}">
                <Coords points="1315,2385 2278,2364 2278,2317 2215,2312 1315,2333"/>
                <Baseline points="1328,2367 1343,2370 1388,2367 1433,2367 1477,2364 1522,2367 1567,2364 1612,2364 1656,2364 1701,2361 1746,2358 1791,2358 1836,2355 1880,2358 1925,2355 1970,2355 2015,2355 2060,2355 2104,2355 2149,2355 2194,2352 2239,2352 2283,2352"/>
                <TextEquiv>
                    <Unicode>La mujer nuestra, deseosa de arrimar el</Unicode>
                </TextEquiv>
            </TextLine>
            <TextLine id="r_3_tl_22" custom="readingOrder {index:21;}">
                <Coords points="1265,2430 2281,2412 2281,2362 1265,2378"/>
                <Baseline points="1277,2421 1301,2424 1346,2424 1391,2421 1436,2421 1480,2421 1525,2418 1570,2418 1615,2415 1659,2415 1704,2415 1749,2415 1794,2409 1839,2412 1883,2412 1928,2409 1973,2412 2018,2409 2063,2409 2107,2409 2152,2406 2197,2406 2242,2403 2286,2403"/>
                <TextEquiv>
                    <Unicode>hombro á la causa nacional, solo ha podido</Unicode>
                </TextEquiv>
            </TextLine>
            <TextLine id="r_3_tl_23" custom="readingOrder {index:22;}">
                <Coords points="1262,2491 2244,2468 2226,2412 1262,2430"/>
                <Baseline points="1274,2475 1307,2475 1352,2477 1397,2475 1442,2475 1486,2472 1531,2472 1576,2472 1621,2469 1665,2469 1710,2466 1755,2466 1800,2466 1845,2466 1889,2463 1934,2460 1979,2463 2024,2463 2068,2463 2113,2460 2158,2460 2203,2460 2248,2457"/>
                <TextEquiv>
                    <Unicode>hasta el presente prestar una ayuda mate-</Unicode>
                </TextEquiv>
            </TextLine>
            <TextLine id="r_3_tl_24" custom="readingOrder {index:23;}">
                <Coords points="1267,2541 2287,2534 2287,2457 2249,2448 2181,2480 1267,2489"/>
                <Baseline points="1280,2528 1307,2525 1352,2528 1397,2525 1442,2528 1486,2525 1531,2525 1576,2522 1621,2522 1665,2522 1710,2519 1755,2519 1800,2519 1845,2519 1889,2516 1934,2513 1979,2513 2024,2513 2068,2513 2113,2513 2158,2513 2203,2513 2248,2510 2292,2513"/>
                <TextEquiv>
                    <Unicode>rial y secundaria, cuando bien podría con</Unicode>
                </TextEquiv>
            </TextLine>
            <TextLine id="r_3_tl_25" custom="readingOrder {index:24;}">
                <Coords points="1265,2602 2285,2588 2251,2520 1267,2552"/>
                <Baseline points="1277,2579 1307,2579 1352,2579 1397,2582 1442,2579 1486,2579 1531,2576 1576,2576 1621,2576 1665,2573 1710,2573 1755,2573 1800,2570 1845,2573 1889,2570 1934,2570 1979,2567 2024,2567 2068,2564 2113,2567 2158,2567 2203,2564 2248,2564 2292,2564"/>
                <TextEquiv>
                    <Unicode>su inteligencia difundir virtud y cultura</Unicode>
                </TextEquiv>
            </TextLine>
            <TextLine id="r_3_tl_26" custom="readingOrder {index:25;}">
                <Coords points="1267,2649 1805,2647 1833,2640 1835,2582 1566,2584 1514,2604 1267,2591"/>
                <Baseline points="1280,2636 1301,2633 1346,2633 1391,2636 1436,2633 1480,2633 1525,2630 1570,2630 1615,2627 1659,2627 1704,2627 1749,2624 1794,2624 1839,2624"/>
                <TextEquiv>
                    <Unicode>en las masas populares.</Unicode>
                </TextEquiv>
            </TextLine>
            <TextLine id="r_3_tl_27" custom="readingOrder {index:26;}">
                <Coords points="1315,2688 2290,2679 2290,2597 2143,2638 1315,2649"/>
                <Baseline points="1328,2686 1355,2686 1400,2686 1444,2686 1489,2683 1534,2683 1579,2681 1624,2681 1668,2678 1713,2678 1758,2678 1803,2678 1848,2678 1892,2675 1937,2675 1982,2675 2027,2672 2071,2672 2116,2672 2161,2672 2206,2666 2251,2669 2295,2669"/>
                <TextEquiv>
                    <Unicode>La mujer dominicana merece ocupar en</Unicode>
                </TextEquiv>
            </TextLine>
            <TextLine id="r_3_tl_28" custom="readingOrder {index:27;}">
                <Coords points="1272,2760 2292,2735 2253,2679 1274,2699"/>
                <Baseline points="1286,2740 1313,2737 1358,2740 1403,2740 1447,2737 1492,2737 1537,2734 1582,2734 1627,2731 1671,2731 1716,2731 1761,2728 1806,2728 1851,2725 1895,2728 1940,2725 1985,2725 2030,2725 2074,2725 2119,2725 2164,2725 2209,2722 2254,2722 2298,2722"/>
                <TextEquiv>
                    <Unicode>esta hora adversa el puesto intelectual que</Unicode>
                </TextEquiv>
            </TextLine>
            <TextLine id="r_3_tl_29" custom="readingOrder {index:28;}">
                <Coords points="1269,2819 2283,2790 2283,2744 2235,2731 1272,2756"/>
                <Baseline points="1283,2791 1304,2794 1349,2791 1394,2791 1439,2791 1483,2788 1528,2788 1573,2788 1618,2785 1662,2785 1707,2785 1752,2782 1797,2782 1842,2782 1886,2782 1931,2776 1976,2779 2021,2779 2065,2776 2110,2776 2155,2776 2200,2776 2245,2773 2289,2776"/>
                <TextEquiv>
                    <Unicode>merece. Y ese puesto de insigne distinción,</Unicode>
                </TextEquiv>
            </TextLine>
            <TextLine id="r_3_tl_30" custom="readingOrder {index:29;}">
                <Coords points="1274,2855 2163,2855 2283,2846 2285,2796 1274,2819"/>
                <Baseline points="1286,2842 1304,2842 1349,2845 1394,2842 1439,2842 1483,2842 1528,2839 1573,2839 1618,2839 1662,2839 1707,2839 1752,2836 1797,2836 1842,2833 1886,2833 1931,2833 1976,2833 2021,2833 2065,2830 2110,2830 2155,2827 2200,2827 2245,2827 2289,2827"/>
                <TextEquiv>
                    <Unicode>ese lugar señalado para actuar en bien de</Unicode>
                </TextEquiv>
            </TextLine>
            <TextLine id="r_3_tl_31" custom="readingOrder {index:30;}">
                <Coords points="1274,2921 2111,2912 2170,2882 2247,2914 2290,2901 2292,2846 1276,2851"/>
                <Baseline points="1286,2898 1310,2898 1355,2898 1400,2895 1444,2895 1489,2895 1534,2892 1579,2892 1624,2892 1668,2889 1713,2889 1758,2889 1803,2889 1848,2887 1892,2887 1937,2887 1982,2884 2027,2884 2071,2884 2116,2884 2161,2884 2206,2881 2251,2881 2295,2878"/>
                <TextEquiv>
                    <Unicode>la libertad y la cultura de su pueblo, viene</Unicode>
                </TextEquiv>
            </TextLine>
            <TextLine id="r_3_tl_32" custom="readingOrder {index:31;}">
                <Coords points="1272,2953 2140,2957 2129,2896 1272,2921"/>
                <Baseline points="1283,2949 1295,2949 1340,2952 1385,2952 1430,2949 1474,2949 1519,2946 1564,2943 1609,2943 1653,2940 1698,2943 1743,2940 1788,2940 1833,2940 1877,2937 1922,2937 1967,2937 2012,2934 2057,2934 2101,2934 2146,2934"/>
                <TextEquiv>
                    <Unicode>a brindárselo esta humilde revista.</Unicode>
                </TextEquiv>
            </TextLine>
            <TextLine id="r_3_tl_33" custom="readingOrder {index:32;}">
                <Coords points="1324,3014 2045,3016 2269,2998 2296,2953 1326,2964"/>
                <Baseline points="1337,3012 1358,3006 1403,3003 1447,3003 1492,3000 1537,3000 1582,2997 1627,2997 1671,2994 1716,2994 1761,2994 1806,2994 1851,2994 1895,2994 1940,2991 1985,2991 2030,2991 2074,2988 2119,2991 2164,2988 2209,2985 2254,2985 2298,2985"/>
                <TextEquiv>
                    <Unicode>¡Ojalá que los resultados superen a nues-</Unicode>
                </TextEquiv>
            </TextLine>
            <TextLine id="r_3_tl_34" custom="readingOrder {index:33;}">
                <Coords points="1274,3068 2303,3068 2285,2989 1276,3016"/>
                <Baseline points="1289,3057 1325,3054 1370,3054 1415,3057 1459,3054 1504,3054 1549,3054 1594,3051 1639,3051 1683,3051 1728,3048 1773,3051 1818,3051 1862,3051 1907,3048 1952,3048 1997,3045 2042,3045 2086,3042 2131,3042 2176,3042 2221,3042 2266,3042 2310,3039"/>
                <TextEquiv>
                    <Unicode>tras esperanzas en honra y bienestar de la</Unicode>
                </TextEquiv>
            </TextLine>
            <TextLine id="r_3_tl_35" custom="readingOrder {index:34;}">
                <Coords points="1276,3134 1294,3134 1315,3147 1324,3138 1351,3143 1362,3136 1376,3145 1398,3145 1432,3131 1457,3131 1457,3061 1434,3070 1391,3068 1385,3075 1358,3066 1339,3077 1324,3063 1276,3068"/>
                <Baseline points="1289,3110 1334,3107 1379,3110 1424,3107 1462,3110"/>
                <TextEquiv>
                    <Unicode>Patria!</Unicode>
                </TextEquiv>
            </TextLine>
            <TextEquiv>
                <Unicode></Unicode>
            </TextEquiv>
        </TextRegion>
    </Page>
</PcGts>
