2479 3508
242 39 438 126 Página7
933 417 1517 585 ¡AVANTE!
1950 10 2221 108 Fémina
265 693 1219 793 No es únicamente desarrollando sus
1123 580 1353 680 fuerzas físicas, como llegan los pueblos a
204 835 757 907 ser prósperos y felices.
263 855 1226 948 El perfecto adelantamiento de la socie¬
201 933 1221 1002 dad requiere el saludable desarrollo de las
211 992 951 1054 fuerzas morales é intelectuales.
263 1030 1221 1110 Y concurren a esta obra de bien general,
201 1097 1224 1159 al calor de la cual los pueblos se desarro¬
211 1144 1226 1211 llan sanos y conscientes, la sana y edifica¬
206 1198 1211 1275 dora prédica del hogar, la palabra autori-
206 1249 1221 1316 zada del maestro en el ejercicio de su gran
206 1301 1226 1378 apostolado, la consagración a la lectura de
211 1355 1226 1420 obras que nos hagan pensar y sentir al tra¬
219 1407 1221 1474 tar de leer entre líneas el fundamento de
206 1466 1224 1535 cada idea que el autor desenvuelve, la Pren¬
219 1512 1226 1584 sa, sí, la Prensa, esa alta Tribuna, la mas
219 1559 1221 1631 alta de todas, desde donde la palabra repo¬
214 1623 1224 1690 sada va plasmando poco a poco en la con¬
214 1667 1221 1744 ciencia del pueblo, las costumbres, las creen¬
211 1721 1221 1788 cias y hasta los mismos sentimientos de a¬
211 1775 1221 1863 mor que profesamos á la Patria y la fami¬
209 1834 312 1912 lia.
265 1855 1231 1940 A esa obra de verdadera cultura viene a
219 1932 1229 2002 sumarse "FÉMINA" por virtud de una de
222 1986 1226 2061 esas aspiraciones justísimas que viven en
211 2046 711 2128 el alma de la mujer.
278 2064 1229 2159 Viene a sumarse, sí, a esas actividades
214 2141 1229 2226 morales é intelectuales en cuya consagra¬
219 2198 1234 2270 ción hanse levantado muchos pueblos de
219 2249 1234 2342 América, al nivel de las mas afamadas so¬
222 2308 660 2375 ciedades europeas.
278 2337 1231 2414 Viene "FÉMINA", abiertas sus páginas
219 2411 1237 2481 a los sentimientos y las ideas de la mujer,
214 2453 1229 2520 alejada, podemos decir, de los dominios de
211 2512 1229 2576 la vida espiritualizada, a llenar un gran
222 2566 1231 2633 vacío y a brindar á nuestras mujeres una
224 2617 1226 2684 valiosísima oportunidad para que se ini¬
224 2669 1221 2749 cien en el campo luminoso de las letras y
222 2733 443 2800 las artes.
1304 683 2272 786 La contextura moral de la mujer domini¬
201 760 2267 850 cana y su refinada espiritualidad la capa¬
1252 819 2262 884 citan para cualquiera de las manifestacio¬
1260 868 2262 940 nes de la vida intelectiva. Si es verdad q.
1255 925 2270 1005 su consagración a la vida del hogar la a¬
1260 976 2265 1051 partan, la mayor de las veces, de toda otra
1257 1030 2265 1095 actividad; si es verdad que el cumplimien¬
1252 1085 2270 1144 to del deber y las cuestiones de la vida ín¬
1257 1134 2265 1195 tima, le impiden abrirse paso y llegar
1265 1185 2267 1252 triunfadora a los dominios esplendentes del
1257 1239 2267 1306 saber, un mundo de virtudes atesora en su
1255 1296 2265 1368 alma, abierta siempre a la caridad y al
1260 1355 1412 1417 amor.
1314 1360 2267 1471 Nunca he sido partidario de las ideas que
1260 1448 2270 1525 tienden a que la mujer abandone las ternu¬
1257 1510 2275 1574 ras del hogar para que alterne con los hom-
1265 1559 2267 1626 bres en la vida intensificada de los nego¬
1268 1605 2267 1675 cios. Yo admito, si, que la mujer tienda a
1257 1657 2272 1721 evolucionar dentro de las costumbres tra-
1260 1711 2272 1785 dicionales que la consagran en la vida inti¬
1262 1765 2265 1832 ma, de modo tal, que en ella no sucumban
1262 1819 2267 1883 ni su amor, ni sus delicadezas, ni sus ter¬
1262 1863 2270 1958 nuras ni nada de lo que moralmente la ca¬
1262 1932 1505 2007 racteriza.
1314 1948 2267 2043 La cultura debe aumentar en la mujer
1265 2028 2270 2092 su belieza fisico-moral a fin de que la ca-
1283 2087 2275 2151 pacite para enfrentarse a la obra nefanda
1262 2136 2270 2208 de desmoralización que se inicia en el seno
1262 2185 2270 2257 de las sociedades incultas y para que se
1262 2236 2270 2301 constituya en mentor de la familia, sólida
1265 2285 2267 2362 base de la sociedad general, sobre la que
1262 2344 2267 2427 edifiican los pueblos su mas alta persona¬
1262 2406 1420 2468 lidad.
1319 2414 2277 2525 Venga "FÉMINA", pues, a laborar por
1262 2496 2277 2581 el progreso moral e intelectual de esta so¬
1262 2556 2270 2625 ciedad y sean siempre sus páginas un ver¬
1262 2602 2267 2690 dadero incentivo que estimule a la mujer
1265 2661 1566 2749 dominicana.
1935 2684 2236 2800 V. VALERA REYES.
