2479 3508
1014 141 1460 261 DISCURSO
2023 36 2226 125 Página 6
1212 235 2269 306 Del Profesor PATIN MACEO en la velada celebrada
1208 290 2262 344 en honor del poeta FABIO FIALLO, en el teatro Co-
1203 342 1916 413 lón de la ciudad de Santo Domingo.
192 449 415 561 Señores:
246 554 1208 656 Ha querido el mui noble y gallardo ami-
196 632 1201 712 go Fabio Fiallo que sea yo quien haga su
197 697 1210 759 presentación a vosotros esta noche de fies-
197 753 1210 819 ta espiritual y galante, esta noche en que
196 799 1208 859 se rinde férvido y acendrado culto á la Pa-
201 849 1208 916 tria y la Belleza. Lo ha querido el cordial,
197 906 1204 967 el noble amigo, y no he vacilado en satisfa-
194 958 1208 1032 cer a su deseo, que agradezco, en extremo,
201 1012 1214 1074 porque tengo para mí que es elocuente se-
206 1060 969 1139 ñal de una distinción altísima.
246 1127 1219 1217 ¡Cuánta honra para mí el presentaros a
197 1199 1219 1252 vosotros, gentiles damas de mi tierra, al
201 1250 1214 1315 bardo generoso en cuyos versos, delicados
201 1300 1217 1377 y blandos, hai la música de vuestras risas
201 1355 1219 1422 embrujadoras, y el resplandor como de luce-
194 1411 1208 1482 ros que derraman vuestras pupilas cando-
194 1467 1215 1525 rosas, y la fragancia de vuestros rutilantes
212 1518 1208 1583 y finos cabellos, y el inefable ritmo de
205 1567 1214 1630 vuestros pasos, y la melancolía de vuestras
194 1617 1134 1708 almas de paloma, de lirios, de muñecas!
248 1695 1208 1762 ¡Cuánta honra para mí, hermanos míos,
196 1755 1219 1818 en la servidumbre y en el ansia loca de li-
197 1808 1219 1866 bertad, el presentaros a este animoso y leal
194 1862 1224 1936 paladín de la República, a este cumplido
201 1907 1654 1985 y valiente caballero que ha empeñado sin-
1252 453 2293 551 gulares combates por su divina Dulcinea
1244 527 1757 594 en cautivério!....
1302 589 2266 670 Ya va para seis años que el vendaval del
1255 657 2269 728 imperialismo yanqui derribó nuestras ins-
1252 710 2275 779 tituciones; ya va para seis años q. eclipsado
1250 761 2271 830 el sol de la soberanía, vivimos a la sombra
1252 819 2273 878 de la esclavitud doliente y bochornosa; ya
1255 878 2264 945 ya para seis años q. la Patria, sangrienta y
1246 924 2268 985 angustiada, llama hora tras hora a la puer-
1250 985 2268 1043 ta de cada un corazón dominicano, y ya va
1261 1031 2264 1099 para seis años que por encima del clamor
1250 1096 2275 1156 de un pueblo torturado, y más recia que
1250 1132 2273 1206 el resonar de las cadenas y el chasquido
1252 1194 2271 1255 del látigo, se oye la voz viril y airada del
1259 1241 2273 1317 poeta; la voz de rebeldía del patriota irre-
1255 1290 2273 1366 ductible; la voz de protesta de un hombre
1257 1346 2159 1440 que ama la libertad más que la vida.
1295 1415 2266 1500 ¿Habrá mejores credenciales, decidme,
1259 1480 2266 1558 para merecer la veneración, la gratitud y
1252 1538 1902 1625 el homenaje de un pueblo.
1311 1599 1681 1701 Yo creo que no!
1300 1694 2266 1766 Para hacerte justicia, patriota insigne y
1252 1742 2275 1824 egregio poeta, es necesario decir que en es-
1250 1800 2275 1860 ta hora infausta para la dignidad de la
1250 1849 2273 1922 República, ¡delante de tí, nadie!, a tu lado, muy pocos!
922 2058 1559 2177 Por qué no eres mía?
1364 2154 1684 2259 Para "Fémina"
708 2224 1422 2309 Por ti se enfloran mis jardines,
712 2302 1478 2365 i al calor virginal de tus miradas,
717 2358 1503 2416 se abren los eucarísticos jazmines
715 2404 1572 2501 que en mi alma sutil tienen moradas.
723 2467 1520 2552 Rompe el silencio de mi triste exilio
721 2539 1503 2605 el poema celestial de tu presencia;
726 2596 1473 2661 ¡cuánto diera, por un tierno idilio,
726 2632 1630 2724 para la dulce quietud de mi conciencia!
726 2711 1670 2793 La nieve de la ausencia que hace merma,
724 2788 1697 2860 que se entra por el alma y que me enferma
721 2835 1563 2923 hace mas honda mi cruel melancolía.
717 2893 1657 2980 La esperanza, el reir... todo se trunca,
726 2965 1594 3023 cuando pienso en tu boca suave y pía
734 3021 1679 3090 que no ha de ser para mi beso nunca....
1241 3090 1710 3179 Miguel A. Guerrero R.
237 47 500 143 Fémina.
