2479 3508
255 71 501 180 FEMINA
545 243 1952 399 M. ALFARO REYES & Co.
982 399 1532 494 APARTADO No. 40.
866 450 1644 586 San Pedro de Macorís, R. D.
338 647 1223 759 Grandes almacenes de ferretería,
297 744 1162 868 quincallería y almacén de muebles.
338 829 1223 948 Material de construcción, artículos
287 931 1070 1050 sanitarios. Pintura, Barnices.
350 1031 1228 1140 Válvulas, check, tornillos, rema¬
292 1111 1225 1213 ches, Empaquetaduras, tubería, hie¬
297 1189 1218 1293 rro, bronce, inyectores y demás res¬
299 1262 892 1366 puestos de maquinaria.
345 1337 1218 1444 Haga su pedido hoy mismo.
297 1422 1230 1527 Nuestros precios no admiten compe¬
294 1498 472 1609 tencia.
720 1894 1758 2047 "LA MODELO"
615 2040 1930 2195 Panadería y Fábrica de Galletas
814 2217 1736 2356 MOVIDA POR FUERZA MOTRIZ
396 2295 2157 2453 GRAN PREMIO Y MEDALLA DE ORO EN LA EXPOSICION DE MILAN, 1920.
360 2528 2251 2638 Prestamos especial atención a la fabricación de galletas. Garantizamos que no
306 2616 2259 2704 se rompen ni el 2 por ciento por peso; son preferibles a todas las importadas del
309 2672 2088 2789 extranjero y a todas las del país. Escríbanos pidiendo muestras y precios.
1461 2755 2205 2908 FERNANDEZ y CO. S. en C.
309 2896 1926 3066 Trinitaria, esquina a Duvergé, Villa Velazquez. S. P. de Macorís.
