2479 3508
212 191 452 229 Fémina
2049 172 2231 210 Página 2
531 340 892 376 Silencio.
262 456 1142 490 Es media noche: cándida y tranquila
265 498 922 532 reposa ya la pueblerina gente;
271 537 1116 577 y en la calma infinita del ambiente
250 588 1142 622 la leve sombra del misterio oscila,
259 682 1142 721 sombra que en vano la inmortal sibila.
259 730 1053 766 pretende disipar; que más se siente
262 782 1142 813 la sombra en torno, cuanto más fulgente
265 824 1006 854 la luna allá en lo azul aurea rutila.
277 912 1101 957 Yo miro inmóvil los sidéreos velos,
262 974 1142 1006 tras un estraño, indiferente prisma,
238 1005 1142 1042 sin pensar, sin sentir y sin anhelos. ...
268 1118 1142 1162 y este silencio en que mi ser se abisma,
253 1156 1006 1195 ignoro si desciende de los cielos,
250 1204 1062 1234 o si brota del fondo de mí misma....
298 1349 1142 1386 Cuando todo repose.
265 1471 1142 1507 A media noche; cuando cese el ruido
262 1513 1142 1547 de la ciudad; cuando en la azul esfera
268 1560 1142 1593 se esfumen y se pierdan la postrera
265 1605 1030 1644 palpitación y el último sonido....:
271 1705 1142 1736 cuando en la sombra lóbrega escondido
253 1750 1142 1786 el astro de la noche tiembla y muera.
271 1792 907 1831 y silenciosa torne la agorera
265 1839 1029 1876 ave á la dulce placidez del nido.
259 1934 997 1976 cuando todo repose en el arcano.
274 1989 1012 2022 yo juntaré mi mano con tu mano.
265 2031 973 2064 miraré en tus pupilas lo infinito.
274 2133 1142 2168 y al besarte en los labios y en la frente.
274 2174 1012 2204 turbando ese silencio, de repente
259 2223 1142 2263 nuestro amor inmortal dará su grito.
447 2299 1142 2329 MARIBLANCA SABÁS ALOMÁ.
588 2338 1018 2371 Santiago de Cuba.
1459 326 2030 367 A mis hijitas.
1299 429 2060 479 Habrá en la vida nada más santo.
1299 477 1919 524 nada más dulce y arrobador
1299 521 2045 569 que sentir besos castos y blandos
1299 570 2080 613 de nuestros hijos, alma de amor? ....
1299 679 2057 715 Yo tengo en casa dos botoncitos:
1299 726 1964 757 de rosa el uno, y otro, jazmín,
1299 768 1937 804 son ellos solo, mis dos hijitas
1299 814 2071 851 quienes me brindan dicha sin fin
1299 912 2021 953 Al dulce nombre de Gilda Ofelia
1299 956 1961 1002 responde de ellas la mayorcita
1299 1000 2065 1044 y habrán de verla cuando se sienta
1299 1053 1922 1087 con aquel tono de mujercita;
1299 1149 1886 1180 solo tres años tiene la nena
1299 1200 2110 1234 pero es hermosa cual son sus ojos,
1319 1235 2042 1278 y al darla besos se muestra llena
1299 1282 2080 1324 de mil sonrisas, de mil sonrojos....
1299 1378 2086 1422 La más pequeña año y diez meses
1301 1430 1955 1469 cuenta de vida que la luz vió,
1299 1472 2009 1515 ¡la pobrecita! pienso yo á veces
1299 1522 1922 1556 es lo contrario de la mayor:
1299 1624 2009 1660 son sus ojitos muy pequeñitos,
1307 1668 1913 1705 un poco escasa su cabellera,
1304 1714 1952 1750 tiene dos dientes separaditos:
1299 1760 1985 1796 tal un camino por cordillera....
1299 1857 1952 1897 Son ellas solo, mi gran tesoro
1310 1903 1880 1939 a quienes amo con ilusión,
1299 1956 2140 1989 pidiendo siempre al Dios que adoro
1299 1992 1958 2032 me les de sano, buen corazon;
1299 2097 1961 2133 me las proteja de todos males,
1299 2141 1973 2176 me las conserve bien de salud,
1299 2181 2018 2229 y según vayan cumpliendo anales
1299 2235 2063 2272 vaya aumentando más su virtud.
1943 2283 2191 2323 VIOLETA.
1299 2332 2164 2365 San Cristóbal, Debre. 4 de 1922.
1025 2447 1416 2477 Obermaun.
764 2562 1765 2608 Obermaun! Obermaun! Tú también estuviste
718 2608 1456 2647 lados de todo, y comprendiste todo!
727 2665 1674 2695 Tú también fuiste sólo e inmensamente triste
721 2708 1489 2747 de la inutilidad, la miseria y el lodo.
766 2786 1650 2816 ....Un día, yo también como tú solitaria
737 2823 1638 2859 me iré por esos mundos en busca de reposo
734 2866 1638 2902 pidiendo á las malesas morada hospitalaria
730 2908 1635 2956 que abrigue mi tristeza y acalle mi sollozo.
775 2990 1648 3028 Y un día, como tú, sobre alguna montaña.
721 3032 1710 3066 frente al paisaje inmenso de majestad vestido,
724 3075 1465 3111 anhelaré decir con una voz extraña
721 3123 1762 3160 a alguno q. me entienda: "Si hubiéramos vivido"
1443 3193 1708 3229 LUISA LUISI.
1377 3251 1756 3281 Montevideo, 1922
