2479 3508
128 225 2209 225 FEMINA
1594 11 2374 68 Archivo General de la Nación
1824 105 2170 150 HEMEROTECA
423 469 1922 502 REVISTA DE LITERATURA. CIENCIAS Y ARTES
785 517 1615 550 CONSAGRADA A LA MUJER.
832 589 1540 622 DIRECTORA ADMINISTRADORA.
701 618 1677 660 PETRONILA ANGELICA GOMEZ
1018 666 1367 699 Maestra Normal.
1032 735 1349 774 REDACTORES:
707 780 1662 816 MARIA L. ANGELIS DE CANINO.
271 812 2104 848 PETRONILA A. GOMEZ, CONSUELO MONTALVO DE FRIAS.
182 886 328 926 año 1
761 890 1579 923 San Pedro de Macorís. Enero 1o. de 1923
519 1008 1857 1051 la Mujer Dominicana y los Puestos Públicos.
1203 1104 2146 1147 (Del Listin del 15 de Noviembre ppdo.)
353 1182 1198 1229 A que en nuestro encapotado cie-
385 1224 1198 1275 lo se ven disipar las nubes que
364 1291 1198 1331 lo cubren para presentarse luego
366 1345 1198 1384 con toda su brillantez, que no es
385 1390 1198 1434 otra cosa que el brillo de la mas
403 1450 1198 1488 radiante libertad que se aproxi-
152 1501 1198 1540 ma, es bueno, aunque esto sea prematuro
146 1555 1198 1594 ir pensando para tomarlo muy en cuenta
155 1609 1198 1651 por el ciudadano que le quepa la gloria de
143 1659 1198 1699 ceñirse la honrosa banda presidencial defi-
149 1717 1198 1751 nitiva, que la mujer dominicana, de pocos
152 1769 1198 1806 años a esta parte, se ha hecho apta para el
146 1823 1198 1860 desempeño de ciertos empleos públicos, y
155 1874 1198 1910 que la preparación que ha obtenido, ha sa-
149 1928 1198 1967 lido de la Escuela, siendo seleccionada por
143 1981 1198 2018 rigurosos exámenes ante la Comisión del
137 2032 1198 2070 Servicio Civil, mereciendo después la con-
146 2085 1198 2125 fianza de sus superiores por su conducta.
143 2139 749 2179 laboriosidad y eficiencia.
200 2193 1198 2233 Sería muy penoso, que el gobierno que
149 2244 1198 2284 surgiera, bien sea por compromisos políti-
137 2297 1198 2337 cos, ora por darle cabida á un grupo de
155 2357 1198 2393 hombres fuertes y vigorosos adictos a él,
152 2412 1198 2452 que muy bien pudiera buscarsele otra co-
149 2465 1198 2497 sa en consonancia con su sexo la anulara a
152 2515 1198 2552 la mujer, cuando esta ha requeteprobado
143 2569 1198 2606 que es capaz de salir airosa en cualquier
143 2624 1006 2660 cargo apropiado que se le confíe.
203 2671 1198 2710 Muchos países nos dan un gran ejemplo:
146 2729 1198 2763 citaremos entre estos, a los Estados Unidos:
152 2781 1198 2818 algunos creen, que esta nación americana.
146 2832 1198 2872 da preferencia á la mujer, por tener sus
146 2885 1198 2925 oficinas repletas de muñecas mas o menos
149 2936 1198 2979 bellas: no puede aceptarse tal creencia; ha
146 2993 1198 3032 sido, porque ha comprendido, que en la
146 3047 1198 3086 mujer se encuentran condiciones que en la
155 3100 1198 3138 mayor parte de las veces superan á la de
149 3151 1198 3195 muchos hombres: tales, como la puntuali-
131 3203 1198 3246 dad, lealtad, discreción y sobre todo disci-
1198 1182 2227 1222 plina, agregándosele además las ventajas
1198 1236 2242 1275 económicas, pues la mujer se conforma con
1198 1291 2230 1328 lo que le ofrecen, mientras que el hombre
1198 1345 2227 1382 por ley natural necesita de mas, y es desde
1198 1397 1758 1436 luego mas exigente. ..
1198 1450 2227 1488 Al leerse este artículo, muchos creerán
1198 1504 2239 1540 que soy partidario en absoluto del bello
1198 1558 2230 1594 sexo: nada de esto: solo me inspira una
1198 1609 2230 1648 obra de justicia. También hay centenares
1198 1662 2236 1699 de jóvenes masculinos acreedores en todos
1198 1711 2233 1751 conceptos a desempeñar los puestos públi-
1198 1769 2227 1806 cos; pero á lo que me refiero es, que sería
1198 1823 2221 1860 un error de cualquier gobierno, el echar á
1198 1874 2224 1910 un lado á las infelices mujeres que hones-
1198 1925 2236 1967 tamente y a satisfacción vienen cumplien-
1198 1978 2224 2018 do con los deberes de su cargo, máxime si
1198 2032 2227 2070 el estado económico del tesoro lo permite.
1198 2088 2224 2128 Con esta medida, no se cometería un error
1198 2139 2251 2176 como antes dije, sino que sería muy duro
1198 2190 2230 2233 el obligarlas á sustituir su habitual ocupa-
1198 2241 2236 2284 ción, por los rutinarios quehaceres domés-
1198 2300 1928 2337 ticos que luego son tan duros!
1198 2360 2227 2393 No tendrían pues, derecho, estas jóvenes.
1198 2406 2236 2443 a manifestarse adversas al procedimiento
1198 2459 2227 2497 del primer gobernante, y a recordar, aun-
1198 2512 2236 2552 que esto sea penoso decirlo, a los que la
1198 2563 2221 2606 han encaminado, emancipándolas de la
1200 2614 2197 2657 triste condición á que estaban sometidas:
1198 2671 2236 2710 La mujer dominicana, ha dado un gran
1198 2720 2227 2763 paso, y sería un crimen arrojar en su ca-
1198 2781 2236 2818 mino obstáculos para detenerle su marcha
1198 2832 2239 2872 triunfal hacia la representación que en
1198 2882 2012 2925 todo país civilizado tiene derecho.
1256 2937 2236 2976 Ayudemos á la mujer dominicana, pues
1198 2993 2236 3032 entre ésta se halla nada menos que nuestra
1198 3047 2230 3086 madre, nuestra hermana, nuestra esposa y
1198 3101 1668 3143 nuestra amiga. ...
1198 3203 1877 3249 Baní, Novbre. 1922.
1934 3149 2173 3189 DANIEL.
