2479 3508
869 134 1428 245 DE LA CAPITAL:
146 56 412 130 Fémina
101 212 354 298 DE PLACEMES.
154 300 1130 383 Está el hogar de los esposos Patín Maceo-
115 360 1126 459 Veloz por el advenimiento de un hermoso
117 432 1120 498 varón, segundo en la prole y en el sexo.
103 498 1126 558 Larga vida le deseamos al nuevo ciudadano.
109 595 371 687 DEL CONNUBIO.
165 679 1132 774 El día 8 de este mes se unieron con los
111 764 1130 829 lazos del amor, el joven Jorge Pou y la be¬
109 825 1132 895 lla Señorita Delcilida Fiallo. Una eterna
109 881 1089 976 luna de miel deseamos a la feliz pareja.
1920 19 2153 138 Página 10
1169 210 1595 319 TRIUNFOS DE LA CIENCIA.
1220 261 2196 366 Ha sido aprobado en examen inicial de
1177 342 2190 410 la facultad de Derecho, el joven Manuel A.
1177 408 2192 482 Patín Maceo, entusiasta amigo de "Fémi¬
1175 451 2042 519 na". Por tal motivo ella le felicita.
1225 494 2192 576 También han sido aprobados en el 2º.
1171 550 2196 632 Curso de la facultad de Derecho, el jo¬
1171 615 2192 673 ven Salvador Gonzáles, y en el examen fi¬
1171 673 2200 735 nal de la Facultad de Farmacia, los jóvenes
1175 720 2196 782 José de Jesús Frómeta y la Señorita Nata¬
1171 776 2196 840 lia García, todos estimados amigos nues¬
1171 823 2190 901 tros. Reciban nuestras calurosas felicita¬
1169 885 1350 976 ciones.
759 1223 887 1346 FORD
877 1256 1035 1395 THE UNIVERSAL CAR
445 1690 1914 1809 Las Piezas fabricadas por la FORD MOTOR
373 1782 1908 1863 Co. son manufacturadas con materiales selec¬
371 1857 1926 1955 tos después de larga experiencia, usando los
362 1939 1926 2023 mas recomendables para cada pieza, y son la
366 2025 1920 2134 únicas que están garantizadas para dar un ser¬
371 2101 1362 2184 vicio uniforme y satisfactorio.
897 2165 1875 2264 E. C. LESCHHORN, San Pedro de Macorís
362 2239 1439 2340 Carro Turismo $696. Camión de una tonelada 605.
