2479 3508
214 38 423 94 Página 3
1952 17 2215 70 Fémina.
570 372 1865 457 EVOLUCIÓN O MUERTE.
232 682 1241 742 FUNDAR una revista o un periódico
273 743 1212 799 cosa ni fácil ni compleja, observándolo
191 793 1200 858 desde el punto de vista intelectual; pero
197 847 1212 909 si se tiene en cuenta nuestro ambiente so¬
194 904 1212 966 cial, desgraciadamente refractario todavía
191 958 1209 1020 a defender y á favorecer el desarrollo de
191 1008 1203 1070 esas manifestaciones de cultura; el momen¬
203 1062 1212 1124 to actual de esterilidad económica porque
194 1110 1209 1181 atraviesa la familia dominicana y la opre¬
213 1167 1206 1229 sion que sufrimos bajo cuyo peso gime
200 1220 1224 1282 desde hace seis años la desdichada patria
200 1274 1224 1339 de Febrero, es cuestión árdua y compleja
200 1328 1224 1393 la fundación de uno de esos portavoces de
203 1391 818 1444 la cultura de los pueblos.
256 1429 1212 1497 Mas, por encima de esos poderosos obs¬
206 1483 1215 1551 táculos y despojadas de las presunciones
206 1543 1215 1605 de ser escritoras, hemos resuelto fundar
208 1591 1221 1653 esta Revista, cuyas páginas ofrecerán ex¬
206 1644 1221 1709 tenso campo al desenvolvimiento intelec-
203 1695 1233 1763 tual de la mujer dominicana, de esa humil¬
203 1752 1221 1817 de y abnegada mujer sobre la cual pesa el
206 1803 1212 1876 grave deber de formar un hogar verdade¬
206 1859 1212 1921 ramente civilizado, para mas tarde poder
208 1907 1221 1978 llegar á la sociedad hombres consciente¬
211 1979 603 2032 mente patriotas.
265 2023 1140 2085 La hora que atravesamos es decisiva.
259 2068 1233 2136 Evolución o Muerte, dice á nuestro oí¬
211 2125 1238 2190 do una voz imperiosa. Y, ¿quién mas o¬
211 2179 1230 2244 bligado, quién mas autorizado que nuestra
208 2229 1227 2297 inteligente mujer, á llevar al hogar este
208 2289 964 2351 hermoso idéal y a cristalizarlo?
268 2343 1227 2402 La mujer es, por su sensible condición
214 2391 1224 2453 espiritual la llamada á señalar á la gene¬
206 2441 1236 2512 ración que se levanta en medio á esta de¬
1241 671 2269 734 soladora condición político - social que
1241 725 2263 793 atraviesa nuestra Patria, el derrotero sal¬
1253 793 1406 843 vador.
1295 835 2271 900 Sí, la mujer. ¿Cómo? Pues de modo
1247 883 2266 954 sencillo; estableciendo institucciones feme¬
1256 937 2271 1008 ninas que tengan el único proposito de
1253 987 2277 1058 llevar á los hogares la chispa luminosa de
1253 1044 2271 1112 la Civilización envuelta en el dulce aliento
1253 1113 1552 1166 de la madre.
1304 1155 2274 1220 Incuestionablemente, la carencia de una
1259 1199 2271 1270 educación cívica eficiente, en nuestros ho¬
1262 1256 2269 1327 gares, ha producido el derrumbe del edifi¬
1262 1310 2280 1381 cio de nuestra nacionalidad Solo una
1256 1367 2271 1438 paciente e inteligente labor reconstructora
1265 1417 2274 1479 podrá levantar el edificio inconscientemen¬
1256 1483 1585 1536 te arruinado.
1316 1528 2277 1590 Toca á la mujer el desempeño de tan
1259 1579 2280 1644 delicada e importante misión, y hora es ya.
1262 1626 2280 1694 de que se labore con perseverancia por el
1268 1680 2280 1748 establecimiento de nociones prácticas de
1265 1731 2257 1802 civismo en el santuario puro del hogar.
1313 1788 2277 1856 Reconfortémos pues, nuestro proposito
1265 1841 2280 1909 con el balsamo sublime de la voluntad:
1268 1895 2286 1963 opongamos nuestro glorioso escudo ante
1265 1949 2280 2014 los abrojos que se interpongan en la senda
1265 1994 2283 2068 tortuosa, y caminemos con decidido empe¬
1265 2050 2283 2121 ño por llegar triunfantes hasta el anhelado
1268 2104 2286 2172 alcázar de la Libertad, pináculo de nues¬
1271 2164 2286 2226 tras aspiraciones, para provecho y ventura
1265 2221 2185 2279 de nuestra amada tierra Quisqueyana.
1749 2337 2236 2393 PETRONILA ANGELICA COMEZ.
1880 2438 2095 2491 (Bisfalia)
