2479 3508
202 58 482 133 Fémina
2007 40 2211 122 Página 2
553 680 1042 779 "LA MUJER"
1505 825 1831 909 Para "Fémina"
535 930 1186 1004 MIENTRAS en el cora-
538 965 1189 1054 zón de la mujer anide
541 1051 1183 1109 el sentimiento de la Patria,
541 1104 1177 1160 no hay peligro de que desa-
541 1153 1175 1226 parezcan las nacionalida-
532 1204 1191 1282 des, porque el mundo mas
535 1265 1190 1331 que por las ideas, se rige
550 1308 1184 1382 por los sentimientos. Con-
538 1371 1198 1431 tra la idea, en plena derro-
538 1431 1187 1485 ta de hacer de la tierra una
532 1486 1186 1541 absurda cooperativa empe-
535 1528 1186 1585 ñada en borrar las huellas
531 1577 1198 1639 de la historia y el noble
538 1623 1198 1695 prestigio de las razas se
538 1685 1192 1755 levanta el sentimiento pa-
538 1742 1195 1814 triótico que no rehuye la
532 1798 1196 1849 confraternidad con otros
550 1846 1199 1907 pueblos, pero que tiene de
544 1892 1201 1968 la Patria el alto concepto
544 1953 1195 2011 de que es una ampliación
541 2007 1186 2074 del hogar y pide para ella-
544 2056 1198 2130 la inviolabilidad intransi-
544 2109 1193 2172 gente y sagrada que hace
538 2163 1202 2242 del domicilio un castillo
543 2217 989 2282 inabordable......
595 2267 1195 2329 El hombre recibió siem-
541 2329 1195 2403 pre la inspiración de sus
538 2378 1204 2451 actos de la exaltación de
538 2426 1204 2491 su culto por la mujer. ¿Qué
538 2483 1192 2561 fue la recompensa del gue-
544 2542 1204 2601 rrero en todo tiempo, sino
547 2591 1192 2676 el Beso de pasión de unos
1228 931 1875 999 labios fervorosos y la blan-
1225 991 1879 1057 da caricia de reposo en el
1231 1045 1881 1114 refugio dee unos brazos
1232 1101 1453 1167 amantes?
1278 1137 1888 1217 La cálida arenga y la
1225 1211 1881 1264 osada aventura, no surgió
1231 1251 1881 1332 de la mente exaltada ni del
1233 1310 1884 1381 brazo esforzado sino a im-
1236 1357 1888 1439 pulsos de un aliento de
1231 1420 1398 1496 mujer.
1278 1457 1885 1544 Porque la mujer amó el
1236 1525 1878 1595 heroismo, los hombres fue-
1231 1577 1879 1646 ron héroes, porque la mujer
1231 1631 1885 1703 amó la poesía, los hombres
1233 1688 1887 1758 cantaron, porque la mujer
1231 1738 1882 1805 amó a la Patria, los hom-
1231 1796 1881 1867 bres fueron patriotas, y su-
1236 1850 1887 1917 pieron tener esos bellos ges-
1236 1909 1887 1960 tos que se agrandan y se
1239 1959 1769 2021 eternizan en el tiempo
1278 2004 1884 2076 La página mas bella en
1238 2058 1884 2114 la historia de la indepen-
1236 2107 1887 2171 dencia de todos los pueblos
1231 2163 1890 2236 la escribió siempre la mano
1239 2226 1878 2278 blanca y pura de una mu-
1239 2272 1890 2345 jer. El alma de la Patria
1239 2327 1894 2390 dominicana, está encarnada
1239 2381 1889 2443 en el alma toda abnegación
1236 2436 1835 2502 de la mujer dominicana.
1296 2514 1850 2609 MARIA L. DE ANGELIS DE CANINO.
1422 2602 1768 2683 (María del Mar Caribe)
