2479 3508
343 41 557 128 Página 9
577 175 2208 374 Por el Mundo Social.
2056 14 2336 106 Fémina
1095 569 1595 650 DE MACORIS:
297 691 565 772 RESTABLECIDO.
360 760 1326 837 Restablecido ya de los quebrantos que lo
305 827 1328 898 obligaban a guardar cama, hemos tenido el
309 882 1322 953 gusto de saludar a nuestro estimado amigo
309 938 1316 997 el señor Victor M. Geraldino, cumplido
309 981 1326 1075 Secretario del H. Ayuntamiento. Lo cele¬
311 1040 506 1111 bramos.
303 1113 532 1213 ESPONSALES.
362 1198 1320 1278 Ha sido concedida la blanca mano de la
305 1265 1318 1335 señorita Cheita Ricart al caballero M. Al¬
309 1318 1326 1406 faro Reyes, acaudalado comerciante de es¬
317 1379 951 1438 ta plaza, i exquisito poeta.
366 1424 1318 1497 Tambien han hecho mutua promesa de
305 1479 1320 1536 amor, el estimado Dr. don Manuel Mallen
305 1532 1227 1605 Isambert i la gentil Sta. Lelé Guerra.
372 1597 1324 1686 Que pronto vean realizados su sueño de
309 1664 453 1733 amor.
315 1743 719 1844 TRIUNFOS DE LA MUJER.
360 1830 1322 1893 Robusteciendo el criterio que sustenta¬
311 1889 1310 1952 mos acerca del engrandecimiento de la mu¬
323 1942 1316 2015 jer, nos es grato referirnos a la simpática so¬
319 1999 1326 2060 ciedad "Ensueño" fundada en esta ciudad
323 2056 1322 2121 por la propia iniciativa de la mujer Maco¬
311 2106 1335 2165 sana, con el propósito de brindar al espiri¬
315 2155 1328 2214 tu esparcimiento, i levantarse cada vez
323 2212 1276 2297 mas sobre el nivel moral que la enaltece.
360 2267 1328 2356 Que sean coronados con el triunfo sus
311 2342 735 2421 hermosos ideales.
309 2433 490 2523 HIMENEO.
366 2494 1320 2584 Familiarmente han celebrado sus bodas
315 2570 1322 2639 en esta ciudad el señor Manuel F. Leonor,
315 2618 1328 2712 con la simpática señorita Mélida Mercado.
368 2693 786 2791 Que sean felices.
1359 682 1735 778 ALEGRIAS DEL HOGAR.
1414 735 2381 829 Un hermoso vástago que responde al
1361 827 2375 890 nombre de Alfonso, venido al mundo el dia
1361 880 2370 932 23 del mes pasado, es alegria del hogar de
1355 934 2368 995 los esposos Miguel Rodriguez O. i Alfonsi¬
1361 977 2368 1058 na M. de Rodriguez, directores del impor¬
1359 1038 1989 1097 tante diario "La Prensa"
1416 1083 2308 1164 Vida larga deseamos al recien venido.
1359 1150 1785 1249 ATINADO NOMBRAMIENTO.
1414 1213 2368 1296 Se encuentra al frente de la sindicatura
1371 1282 2370 1343 Municipal de esta ciudad, el correcto caba¬
1353 1335 2377 1395 llero don Luis Amiama, de cuya actividad
1361 1389 2368 1475 no dudamos, obtendrá la común importan¬
1361 1442 1706 1523 tes beneficios.
1355 1503 1698 1595 NUEVA INSTITUCION.
1408 1560 2375 1645 Bajo la Dirección del Ingeniero Munici¬
1371 1637 2381 1702 pal Sr. A. Scaroina ha vuelto a organizarse
1355 1684 2375 1757 en esta ciudad el benemérito Cuerpo de
1361 1743 2375 1804 Bomberos, para bien y tranquilidad de los
1361 1790 2375 1865 hogares macorisanos. Nos alegramos y
1371 1844 1765 1922 que no desmaye.
1363 1911 1658 2001 PEDIMOS EXCUSA.
1410 1972 2375 2045 Por la aglomeración de trabajos en los
1367 2037 2370 2104 talleres de la imprenta donde se edita
1371 2102 2387 2157 nuestra revista no fué posible que se nos
1361 2149 2368 2206 entregara para el día 15 de Julio, como se
1367 2192 2375 2269 anunció y como fué nuestro deseo. Pedi¬
1361 2251 2377 2320 mos pues, excusa á nuestros amables favo¬
1365 2305 2368 2381 recedores, prometiéndose puntualidad en
1359 2356 2247 2427 las salidas de las ediciones sucesivas.
1359 2413 1505 2502 EXCUSA.
1410 2466 2383 2559 Por motivos ajenos a nuestra voluntad
1367 2539 2370 2604 no ha sido publicado en este número el
1361 2594 2375 2657 trabajo "Ideas", del Dr. Moscoso Puello,
1365 2649 2370 2716 quedando aplazado para el número si¬
1365 2706 1570 2795 guiente.
