2479 3508
208 88 383 133 Página 3
1941 78 2182 118 Fémina
2041 1652 2082 2863 SENTADOS de izquierda a derecha 1 Monseñor Miguel A Vuylsteke. Obispo de
2077 1652 2118 2924 Curazao; 2 Monseñor Felipe Rincón G., Arzobispo de Caracas; 3 Excmo. e Iltmo Doctor
2124 1649 2157 2939 Sebastián Leites de Vasconcellos, Arzobispo de Damietta y Delegado Apostólico; 4
2152 1663 2186 2917 Monseñor Adolfo A. Nouel, Arzobispo de Santo Domingo; 5 Iltm. y Revdmo señor O-
2195 2577 2229 2914 bispo de Cabo Haitiano.
2045 344 2079 1559 DE PIE. En el mismo sentido; 1 Pbro Leon Von Hegelson, Sec del Obispo de Cura-
2077 340 2107 1620 zao; 2 Pbro José Torres Díaz, Vicario de Puerto Rico; 3 Cav Giovanni Campa, Caballero
2113 344 2150 1623 de Capa y Espada de SS; 4 Monseñor Benedetto Giuseppe Virilli, Can Sec Supernume-
2152 348 2186 1616 rario de SS; 5 Monseñor Luis A. de Mena, Gobernador Eclesiástico de esta Arquidioce-
2188 491 2222 1627 sis; 6 Pbro Can Reginaldo S. Sculpi, Secretario del Arzobispado de Caracas.
