2480 3507
1098 215 1140 242 La
1169 214 1309 243 Malasia

2039 218 2063 248 3
297 300 454 333 medios
478 311 558 341 que
583 311 624 333 se
655 300 798 333 hallan
834 302 855 333 á
891 304 1058 333 nuestro
1094 299 1153 332 al¬

295 357 421 380 cance
453 357 550 391 para
578 345 617 379 la
636 346 911 392 propagación
933 357 983 378 en
1013 347 1049 379 el
1079 347 1153 379 Ar¬

294 392 527 438 chipiélago
560 391 624 425 del
646 404 757 426 amor
788 394 809 425 á
841 394 876 426 la
902 392 1093 428 libertad,
1116 393 1154 424 al

293 438 460 483 trabajo,
481 438 518 471 al
539 439 698 472 estudio
715 452 737 481 y
764 441 784 472 á
804 440 899 472 todo
921 439 960 471 lo
982 448 1060 482 que
1081 450 1152 472 en¬

294 485 469 519 noblece
493 486 532 519 al
567 485 752 526 hombre,
777 485 840 519 sin
869 487 1083 531 desmayos
1113 484 1154 518 ni

291 532 685 579 contemplaciones,
718 533 771 566 hé
805 544 900 578 aquí
928 532 1155 567 condensa-

293 580 366 616 dos
387 586 575 616 nuestros
595 580 759 623 ideales,
777 581 812 615 al
830 581 965 615 lanzar
988 581 1009 613 á
1028 580 1067 614 la
1084 591 1155 628 pu¬

294 628 479 665 blicidad
508 629 547 663 la
574 633 761 676 presente
791 629 950 664 revista.

343 677 626 713 Terminamos
660 678 889 712 saludando
927 679 948 711 á
987 681 1153 711 nuestro

293 726 532 761 Presidente
575 724 634 760 Sr.
665 726 916 772 Aguinaldo;
942 727 963 759 á
989 731 1153 759 nuestra

293 773 427 822 amiga
459 785 477 818 y
520 773 655 808 aliada
701 774 742 808 la
782 773 907 809 noble
948 772 1150 815 América;

291 824 312 856 á
341 826 505 857 nuestro
542 823 724 856 valeroso
749 835 776 869 y
799 822 953 858 sufrido
974 821 1150 864 ejército;

302 872 323 904 á
345 871 384 906 la
404 881 553 918 prensa
588 869 750 917 filipina
779 882 806 917 y
838 875 1093 917 extrangera,
1126 882 1152 916 y

290 920 326 952 al
353 919 520 967 público
552 917 600 953 de
641 919 765 965 quien
812 918 1034 954 confiamos
1065 930 1151 953 me¬

285 978 397 1002 recer
440 966 610 1013 justicia
641 968 677 1001 al
712 968 852 1013 juzgar
896 969 937 1001 la
980 967 1151 1002 sinceri¬

286 1014 365 1051 dad
399 1014 447 1052 de
484 1018 651 1052 nuestra
686 1015 814 1053 labor.

281 1180 530 1209 SEPARACION
552 1180 601 1208 DE
620 1181 669 1209 LA
690 1180 843 1208 IGLESIA
866 1182 893 1207 Y
913 1181 985 1207 DEL
1002 1180 1152 1213 ESTADO

320 1257 453 1287 Votada
480 1261 537 1287 tan
570 1258 771 1296 importante
800 1267 822 1297 y
850 1258 971 1296 capital
996 1259 1150 1288 cuestión

279 1298 431 1336 religiosa
448 1299 464 1327 á
481 1298 577 1328 favor
592 1300 632 1328 de
648 1299 677 1328 la
697 1299 836 1328 libertad
854 1301 924 1328 más
943 1299 1148 1336 omnímoda,

276 1339 304 1366 la
340 1339 544 1368 humanioad
580 1340 689 1377 queda
737 1339 884 1370 deudora
912 1340 943 1368 al
977 1338 1150 1378 Congreso

281 1378 566 1409 Revolucionario
590 1382 631 1409 de
657 1388 712 1408 esa
737 1382 869 1417 especie
892 1381 932 1408 de
956 1388 1082 1418 magna
1108 1383 1150 1409 ci-

279 1419 376 1454 vitas,
417 1420 529 1448 donde
565 1420 613 1450 las
646 1421 826 1457 religiones
858 1421 1025 1458 positivas
1058 1422 1150 1450 todas

279 1463 414 1495 pueden
444 1460 551 1488 hallar
580 1466 666 1490 carta
698 1463 738 1488 de
767 1461 968 1495 naturaleza,
996 1468 1018 1497 y
1041 1462 1149 1490 decla¬

273 1507 364 1528 rarse
392 1501 606 1538 ciudadanas,
632 1501 662 1528 al
680 1508 815 1537 amparo
834 1502 874 1529 de
896 1500 1072 1537 humanas,
1093 1511 1150 1541 ge¬

272 1548 410 1570 nerosas
432 1542 534 1579 leyes.

314 1579 466 1609 Temíase
490 1588 559 1610 una
583 1578 737 1610 reacción
764 1581 953 1617 perniciosa
981 1584 1012 1612 al
1039 1592 1148 1613 nuevo

272 1620 398 1650 Estado
413 1622 453 1650 de
474 1623 568 1659 parte
586 1621 628 1650 de
644 1620 798 1658 espíritus
817 1623 987 1652 estrechos
1003 1623 1021 1652 é
1038 1625 1146 1654 incul¬

270 1664 324 1690 tos
352 1669 416 1697 que
445 1661 634 1699 vegetaban
665 1670 708 1689 en
738 1661 768 1689 el
796 1662 867 1691 más
886 1664 1054 1700 completo
1073 1664 1145 1692 obs¬

269 1703 485 1734 curantismo;
513 1708 594 1737 pero
620 1709 675 1729 ese
711 1704 819 1730 temor
849 1710 902 1731 era
934 1703 1143 1743 imaginario,

272 1742 391 1778 puesto
415 1748 481 1776 que
506 1741 533 1768 la
556 1741 682 1770 radical
705 1741 904 1777 separación
924 1751 969 1771 no
991 1751 1025 1773 se
1048 1743 1146 1772 había

272 1781 480 1817 implantado
514 1788 574 1818 por
604 1782 703 1810 modo
734 1781 885 1811 violento
906 1784 1039 1813 merced
1056 1786 1072 1814 á
1089 1785 1146 1812 im¬

271 1821 466 1858 posiciones
496 1821 538 1849 de
570 1821 600 1850 la
630 1821 751 1858 fuerza,
795 1824 872 1851 sino
916 1833 979 1860 por
1011 1832 1147 1854 manera

271 1862 426 1890 detenida
466 1870 487 1899 y
524 1863 668 1898 pausada
706 1870 747 1890 en
790 1870 857 1899 que
891 1862 922 1892 la
955 1864 1056 1894 razón
1090 1864 1144 1893 fus

269 1900 476 1930 haciéndose
499 1909 590 1938 paso,
618 1903 634 1930 á
666 1901 834 1938 despecho
868 1904 922 1932 del
946 1912 1037 1933 error
1060 1913 1079 1942 y
1104 1906 1144 1933 de

270 1942 319 1969 las
335 1942 638 1978 preocupaciones,
658 1942 752 1970 hasta
780 1943 806 1970 el
834 1945 912 1972 total
937 1945 1144 1974 venciminto

269 1990 291 2018 y
319 1981 443 2011 triunfo
475 1982 623 2011 acabado
658 1991 678 2019 y
720 1981 869 2018 perfecto
906 1984 947 2013 de
981 1984 1012 2013 la
1048 1986 1142 2014 bien¬

270 2020 417 2051 hechora
447 2021 587 2050 libertad
625 2022 721 2051 sobre
752 2022 780 2051 la
820 2023 949 2061 tiranía,
979 2033 1079 2054 acaso
1115 2026 1145 2054 la

269 2060 341 2089 más
368 2062 573 2100 degradante
598 2063 640 2091 de
670 2066 808 2091 cuantas
843 2064 952 2093 existe
987 2066 1085 2094 sobre
1112 2067 1144 2094 la

270 2100 331 2129 haz
360 2101 401 2130 de
430 2102 461 2130 la
483 2101 592 2139 tierra,
625 2103 653 2130 la
691 2102 860 2139 religiosa,
896 2105 929 2133 la
953 2105 1007 2133 del
1033 2106 1143 2134 Ponti¬

270 2140 390 2169 ficado.

309 2181 418 2209 Antes
441 2181 482 2208 de
518 2180 548 2208 la
579 2181 737 2210 votación
773 2182 946 2210 mediaron
974 2184 1142 2212 calurosos

269 2219 406 2249 debates
434 2227 476 2248 en
496 2221 526 2247 el
556 2227 640 2249 seno
662 2221 715 2248 del
745 2219 929 2260 Congreso,
955 2223 1069 2252 donde
1091 2224 1140 2252 los

267 2259 438 2296 paladines
461 2260 502 2287 de
534 2267 604 2289 uno
633 2269 653 2297 y
681 2263 754 2288 otro
776 2262 887 2290 bando
909 2262 1060 2292 lucieron
1084 2265 1137 2291 tan

268 2306 407 2335 copioso
437 2299 533 2327 saber
561 2307 582 2336 y
606 2300 778 2329 erudición
807 2305 899 2330 tanta
925 2310 988 2338 que
1021 2304 1051 2331 la
1074 2303 1139 2330 dis¬

269 2337 388 2367 cusión
415 2338 507 2367 tomó
534 2340 625 2367 visos
655 2341 695 2367 de
724 2342 935 2370 convertirse
966 2350 1007 2370 en
1042 2343 1138 2380 pugi¬

267 2379 336 2407 lato
366 2378 405 2407 de
435 2379 591 2409 oradores
624 2379 694 2407 más
722 2380 802 2409 bien
831 2390 894 2418 que
916 2382 957 2409 de
981 2383 1139 2411 verdade¬

266 2426 322 2446 ros
352 2419 515 2456 patriotas
545 2428 566 2456 y
595 2417 752 2449 hombres
784 2421 823 2450 de
859 2422 912 2458 ley
937 2422 1137 2452 anhelantes

267 2458 308 2486 de
338 2458 367 2486 la
395 2460 519 2487 verdad
547 2468 567 2496 y
597 2460 637 2487 de
670 2460 700 2488 la
729 2461 823 2490 salud
846 2461 996 2490 nacional
1020 2471 1040 2501 y
1059 2463 1136 2492 bus¬

267 2497 410 2527 cadores
435 2499 488 2526 del
517 2499 688 2527 bienestar
702 2507 862 2537 supremo
880 2502 935 2530 del
956 2501 1099 2531 heroico
1116 2512 1138 2540 y

267 2538 421 2566 naciente
443 2539 562 2566 Estado
587 2539 742 2575 Filipino.

308 2577 442 2606 Atletas
472 2579 528 2606 del
562 2578 811 2616 pensamiento,
853 2580 997 2618 cíclopes
1035 2581 1076 2611 de
1107 2584 1137 2612 la

268 2615 353 2651 idea,
392 2618 488 2646 todos
524 2626 586 2646 con
620 2628 656 2647 su
684 2617 730 2647 lío
754 2620 795 2648 de
829 2620 1052 2651 documentos
1083 2623 1137 2651 de¬

268 2656 344 2692 bajo
366 2656 419 2685 del
434 2657 545 2692 brazo,
570 2658 694 2687 habían
724 2661 929 2690 descendido
948 2661 965 2689 á
989 2661 1020 2690 la
1038 2671 1137 2691 arena

269 2696 321 2722 dei
350 2695 528 2735 Congreso
556 2707 633 2734 para
667 2699 821 2736 esgrimir
855 2709 914 2730 sus
952 2709 1062 2732 armas
1093 2712 1137 2732 en

267 2734 329 2771 pró
357 2737 399 2765 de
421 2739 452 2765 la
478 2746 576 2765 causa
602 2740 808 2776 respectiva.

305 2775 368 2804 Los
388 2785 452 2812 que
474 2778 664 2807 combatían
684 2787 746 2814 por
768 2779 797 2806 la
826 2780 963 2813 unidad,
985 2781 1136 2818 aquellos

267 2822 341 2850 que,
363 2815 467 2854 según
487 2817 518 2845 el
537 2815 576 2846 Sr
617 2816 739 2848 Tomás
767 2818 809 2847 G.
839 2820 892 2847 del
909 2819 1062 2857 Rosario,
1080 2821 1137 2850 ha¬

264 2854 342 2882 bían
372 2857 572 2896 desplegado
595 2859 724 2887 ciencia
749 2867 794 2887 no
818 2858 940 2889 común
965 2870 1007 2889 en
1030 2862 1060 2890 la
1083 2871 1135 2891 re¬

266 2894 407 2925 dacción
439 2899 479 2925 de
508 2898 558 2927 los
582 2901 742 2936 primeros
765 2900 881 2930 títulos
899 2902 940 2928 de
968 2902 998 2930 la
1024 2902 1136 2931 Cons¬

265 2935 423 2972 titución,
462 2937 691 2966 colocándose
724 2939 764 2966 de
805 2949 849 2968 un
882 2940 964 2968 salto
1005 2949 1048 2970 en
1082 2942 1133 2970 los

266 2974 427 3009 primeros
465 2976 594 3012 jalones
642 2979 683 3005 de
727 2978 755 3005 la
794 2979 950 3007 moderna
991 2981 1134 3016 cultura,

1254 300 1386 327 cuando
1412 300 1562 337 llegaron
1599 310 1641 328 en
1683 303 1712 329 el
1757 301 1869 330 Titulo
1904 307 2043 340 tercero,
2082 315 2117 335 se

1251 357 1407 365 íiuuuiou
1447 357 1488 375 viv->
1536 357 1575 375 j-'m
1585 357 1594 367 v
1602 358 1633 374 ví
1672 358 1687 375 y
1741 359 1897 369 vAuouao
1941 356 2118 379 gU/Ut,upa*

1253 377 1369 404 clones
1393 384 1427 413 y,
1452 377 1618 406 haciendo
1636 386 1682 407 un
1698 382 1806 415 punto
1825 381 1866 407 de
1894 383 2026 417 parada,
2045 384 2118 412 vol¬

1253 415 1373 443 vieron
1398 415 1429 443 la
1454 423 1528 445 cara
1556 416 1652 445 hacia
1680 417 1731 446 los
1763 421 1912 447 vetustos
1940 422 2118 451 recuerdos

1253 454 1306 481 del
1345 454 1481 491 pasado,
1523 455 1688 484 doblaron
1729 456 1777 484 las
1811 457 1948 487 rodillas
1980 464 2056 488 ante
2087 461 2118 490 la

1254 492 1344 520 Edad
1373 493 1495 530 Media,
1524 503 1560 522 se
1584 495 1761 523 abrazaron
1792 496 1822 524 al
1846 500 1980 527 terruño
2004 508 2025 536 y
2048 500 2065 527 á
2088 500 2119 529 la

1254 531 1419 560 tradición
1441 542 1463 571 y
1488 535 1687 563 escribieron
1710 534 1739 563 el
1761 534 1874 565 Titulo
1904 542 2033 568 tercero
2062 539 2117 567 de¬

1253 572 1446 601 mostrando
1474 573 1516 602 de
1542 582 1588 603 un
1622 573 1720 612 golpe
1752 584 1836 604 cuan
1862 578 2017 609 rebeldes
2039 588 2115 609 eran

1253 612 1269 641 á
1282 612 1331 641 las
1343 612 1513 642 lecciones
1526 615 1567 643 de
1580 615 1609 643 la
1624 615 1835 652 experiencia
1848 618 2005 648 dolorosa
2018 621 2057 648 de
2070 620 2117 649 los

1253 653 1353 691 siglos
1384 662 1404 692 y
1440 654 1526 683 cuán
1553 655 1671 693 ajenos
1698 664 1776 685 eran
1798 656 1815 686 á
1836 662 1960 689 cuanto
1994 659 2024 689 la
2048 669 2117 690 mo¬

1252 693 1354 722 derna
1380 693 1526 724 filosofía
1551 704 1572 734 y
1600 695 1629 724 la
1659 696 1801 725 historia
1825 698 1936 735 juntas
1971 701 2122 737 conquis¬

1251 736 1349 762 taron

1293 773 1502 812 Semejantes
1528 775 1560 804 al
1581 775 1695 814 monje
1720 776 1761 805 de
1788 778 1836 807 las
1859 776 2022 818 Cantigas
2058 789 2120 817 que

1252 813 1491 845 internándose
1521 824 1564 845 en
1582 817 1614 845 el
1636 817 1779 856 boscaje,
1794 818 1893 857 junto
1917 819 1932 849 á
1955 819 2122 850 cristalina

1250 852 1379 891 fuente,
1409 863 1446 884 se
1474 856 1602 886 extasió
1629 859 1722 887 tanto
1746 866 1804 887 con
1836 858 1866 887 el
1889 864 2003 889 cantar
2024 862 2121 891 dulce

1251 893 1291 923 de
1317 895 1348 932 la
1384 897 1590 932 passarinha
1617 905 1681 934 que
1713 898 1743 926 al
1772 900 1891 928 volver
1923 901 1953 930 al
1989 909 2119 930 monas¬

1251 934 1332 964 terio
1362 935 1396 963 lo
1421 936 1585 966 encontró
1607 939 1686 967 todo
1707 939 1909 976 demudado,
1944 949 2026 978 pues
2065 940 2122 970 ha¬

1251 973 1303 1003 bía
1325 975 1450 1012 pasado
1473 981 1537 1006 tres
1558 977 1660 1015 siglos
1676 981 1762 1008 nada
1785 987 1903 1009 menos
1925 989 1966 1008 en
1987 981 2116 1019 arrobo,

1250 1015 1498 1047 retrocedieron
1511 1017 1576 1057 .mil
1600 1018 1711 1058 pasos,
1728 1018 1827 1051 hácia
1841 1019 1870 1050 la
1891 1021 1974 1052 edad
1998 1021 2120 1053 dorada

1251 1057 1303 1085 del
1334 1058 1581 1094 Cristianismo,
1609 1063 1738 1091 cuando
1755 1062 1781 1091 la
1803 1064 1898 1092 tierra
1917 1063 2029 1093 estaba
2046 1073 2119 1093 cua¬

1247 1097 1323 1135 jada
1347 1099 1388 1127 de
1410 1105 1606 1130 anacoretas
1629 1110 1650 1139 y
1673 1103 1908 1139 monasterios,
1938 1105 2120 1134 verdadera

1249 1139 1407 1177 almáciga
1442 1141 1482 1170 de
1515 1141 1657 1171 momias
1691 1151 1847 1180 caperuza
1854 1143 1923 1180 das,
1959 1144 2118 1175 hombres

1250 1177 1380 1217 fósiles,
1399 1180 1578 1210 cadáveres
1595 1190 1661 1211 con
1678 1183 1765 1221 vida,
1790 1182 2009 1214 indiferentes
2031 1186 2049 1214 á
2069 1185 2118 1215 las

1249 1219 1399 1250 miserias
1422 1228 1442 1258 y
1466 1223 1625 1259 pasiones
1648 1222 1688 1252 de
1707 1224 1757 1253 los
1781 1223 1951 1259 hombres;
1978 1226 2117 1263 bajaron

1249 1260 1264 1288 á
1293 1260 1341 1289 las
1369 1263 1581 1292 catacumbas
1621 1263 1735 1293 donde
1765 1272 1801 1293 se
1842 1266 2035 1303 guardaban
2067 1266 2115 1295 las

1249 1300 1403 1337 reliquias
1434 1304 1589 1340 sagradas
1618 1304 1659 1332 de
1691 1304 1740 1334 los
1776 1303 1938 1340 mártires;
1975 1306 2117 1336 besaron

1250 1341 1297 1370 las
1322 1342 1481 1372 manchas
1511 1344 1551 1372 de
1582 1352 1697 1382 sangre
1727 1346 1940 1375 custodiadas
1976 1355 2017 1375 en
2052 1346 2117 1375 bri¬

1248 1381 1368 1410 llantes
1387 1382 1548 1418 cristales;
1577 1392 1613 1412 se
1640 1384 1856 1414 absolvieron
1882 1394 1925 1415 en
1947 1386 1997 1415 las
2020 1389 2117 1417 notas

1247 1421 1391 1450 místicas
1414 1422 1468 1452 del
1491 1423 1619 1462 órgano
1643 1433 1706 1461 que
1729 1434 1766 1454 se
1790 1426 2043 1463 quebrantaban
2068 1435 2117 1457 es¬

1247 1462 1390 1499 pirando
1415 1472 1458 1492 en
1481 1465 1533 1493 los
1556 1464 1753 1503 magníficos
1786 1469 1962 1497 rosetones
1990 1467 2032 1495 de
2065 1468 2116 1497 los

1248 1503 1427 1531 catedrales
1457 1512 1475 1538 y
1506 1505 1547 1533 de
1573 1506 1619 1535 las
1643 1506 1805 1540 basílicas,
1835 1514 1871 1536 se
1897 1516 2060 1536 mecieron
2085 1508 2117 1537 al

1248 1542 1375 1571 blando
1404 1543 1493 1573 calor
1511 1546 1551 1573 de
1569 1546 1599 1574 la
1624 1545 1724 1576 llama
1741 1546 1781 1574 de
1804 1547 1852 1576 las
1881 1548 2020 1577 mustias
2037 1547 2116 1577 lám¬

1246 1591 1342 1620 paras
1368 1583 1461 1614 hasta
1488 1586 1609 1622 perder
1629 1586 1660 1615 la
1687 1587 1812 1615 noción
1849 1587 1903 1617 del
1939 1588 2062 1626 tiempo
2092 1597 2114 1627 y

1246 1626 1463 1654 encontrarse
1480 1629 1536 1654 tan
1560 1627 1731 1656 solitarios
1749 1636 1792 1656 en
1814 1628 1895 1658 vida
1916 1638 1992 1666 que,
2016 1629 2116 1659 vuel¬

1244 1666 1298 1691 tos
1316 1666 1331 1691 á
1350 1665 1426 1701 ella,
1444 1673 1479 1694 se
1500 1666 1549 1694 les
1570 1665 1627 1694 íué
1642 1667 1672 1694 el
1690 1668 1938 1698 conocimiento
1960 1670 1990 1696 al
2008 1670 2113 1706 grado

1246 1703 1287 1731 de
1318 1712 1383 1741 que
1404 1703 1486 1742 hoy,
1515 1704 1658 1742 después
1684 1707 1725 1734 de
1747 1706 1803 1734 mil
1825 1707 1938 1745 siglos,
1964 1708 2114 1745 pidieran

1244 1751 1322 1780 para
1345 1744 1373 1772 la
1399 1752 1510 1774 nueva
1546 1745 1708 1775 Sociedad
1731 1747 1863 1784 aquella
1886 1756 1940 1777 era
1972 1747 1991 1776 ó
2030 1749 2114 1778 edad

1246 1784 1287 1812 de
1325 1786 1530 1821 estupendas
1571 1787 1764 1817 maravillas
1786 1787 1969 1825 religiosas.

1283 1824 1336 1852 No
1368 1832 1405 1854 se
1434 1828 1666 1862 contentaron,
1705 1836 1805 1856 como
1827 1829 1858 1856 el
1897 1829 2021 1867 monje,
2052 1838 2115 1858 con

1244 1866 1439 1893 extrañarse
1468 1867 1524 1895 del
1550 1875 1677 1903 suceso,
1716 1868 1770 1896 del
1802 1869 1944 1905 cambio,
1985 1870 2062 1898 sino
2095 1869 2114 1899 á

1244 1912 1363 1940 querer
1387 1913 1453 1942 que
1482 1907 1514 1934 el
1545 1907 1668 1943 pasado
1709 1908 1823 1936 estado
1860 1909 1902 1937 de
1939 1918 2046 1944 cosas,
2082 1909 2113 1938 el

1245 1943 1480 1974 Cristianismo
1515 1946 1556 1974 de
1592 1950 1767 1983 entonces,
1806 1948 1961 1978 volviese
1996 1950 2110 1986 ahora,

1243 1992 1323 2021 pero
1344 1993 1386 2013 no
1414 1987 1623 2024 perseguido,
1646 1987 1680 2015 ni
1700 1988 1862 2024 obligado
1882 1987 1900 2017 á
1931 1989 2112 2028 refugiarse

1242 2024 1319 2062 bajo
1345 2025 1452 2061 tierra,
1485 2026 1511 2055 si
1535 2034 1579 2055 no
1609 2028 1762 2065 apoyado
1794 2036 1855 2065 por
1878 2029 1909 2057 el
1933 2030 2064 2065 Estado,
2089 2038 2110 2068 y

1243 2065 1283 2092 de
1315 2067 1533 2103 reglamento,
1558 2076 1581 2105 y
1607 2066 1788 2097 defendido
1823 2077 1886 2105 por
1916 2078 1974 2098 sus
2008 2071 2111 2107 bayo¬

1243 2108 1348 2133 netas.

1282 2144 1362 2173 Pero
1392 2145 1441 2173 los
1460 2145 1513 2174 del
1532 2146 1645 2174 bando
1663 2147 1842 2183 contrario,
1858 2149 2108 2178 reconociendo

1240 2185 1320 2211 todo
1348 2184 1379 2211 lo
1403 2184 1492 2213 bello
1516 2194 1537 2222 y
1567 2185 1759 2215 fascinador
1784 2187 1825 2215 de
1847 2188 1947 2223 aquel
1972 2188 2109 2218 Cristia¬

1242 2224 1360 2259 nismo,
1389 2232 1431 2251 en
1466 2225 1612 2261 especial
1656 2234 1731 2263 para
1771 2226 1818 2254 las
1846 2227 2108 2265 imaginaciones

1240 2263 1409 2291 exaltadas
1436 2270 1458 2300 y
1499 2264 1692 2303 orientales,
1723 2266 1961 2304 demostraron,
2001 2270 2108 2305 punto

1239 2310 1301 2338 por
1333 2306 1452 2339 punto,
1484 2303 1581 2333 cómo
1610 2313 1664 2333 esa
1694 2306 1840 2343 religión
1867 2306 1923 2335 fué
1945 2309 2106 2343 prostitu¬

1236 2340 1389 2379 yéndose
1420 2350 1506 2378 poco
1535 2353 1549 2372 a
1583 2352 1667 2380 poco
1695 2345 1712 2374 á
1744 2343 1854 2375 través
1877 2346 1918 2375 de
1942 2349 1992 2376 los
2011 2348 2103 2376 tiem¬

1237 2390 1299 2418 pos
1329 2391 1391 2419 por
1418 2391 1456 2411 su
1488 2385 1640 2413 estrecha
1665 2384 1790 2414 alianza
1815 2394 1880 2415 con
1904 2387 1935 2415 el
1955 2389 2104 2417 humano

1239 2423 1351 2459 poder,
1385 2431 1482 2452 como
1511 2432 1550 2452 en
1580 2425 1673 2463 lugar
1698 2425 1739 2453 de
1757 2434 1819 2458 ser,
1845 2435 1910 2464 que
1933 2427 2038 2457 dirían
2058 2429 2105 2457 los

1235 2462 1388 2498 bíblicos,
1417 2463 1450 2491 la
1488 2466 1616 2493 estrella
1645 2465 1751 2501 polar,
1781 2465 1854 2495 faro
1886 2475 1908 2504 y
1942 2468 2105 2497 antorcha

1237 2503 1280 2530 de
1304 2503 1337 2531 la
1362 2502 1579 2540 humanidad,
1598 2513 1634 2533 se
1663 2505 1831 2534 convirtió
1856 2514 1919 2542 por
1932 2508 2046 2537 virtud
2063 2509 2105 2537 de

1238 2544 1309 2570 este
1335 2543 1509 2571 consorcio
1542 2552 1584 2572 en
1618 2546 1751 2573 estrella
1780 2546 1916 2575 maldita
1937 2548 1992 2575 del
2013 2548 2104 2584 Apo¬

1237 2582 1385 2618 calipsis,
1417 2583 1509 2612 Laida
1534 2583 1629 2612 sobre
1656 2584 1704 2613 las
1733 2593 1833 2622 aguas
1859 2585 1900 2614 de
1921 2586 1971 2615 los
1999 2588 2065 2616 ríos
2083 2596 2103 2617 v

1236 2621 1470 2659 abrevaderos,
1490 2622 1708 2653 tornándolas
1728 2633 1882 2663 enaguas
1902 2626 1943 2655 de
1965 2630 2103 2664 muerte,

1236 2670 1386 2700 amargas
1410 2671 1430 2699 y
1456 2664 1687 2693 mortalmente
1713 2673 1917 2695 venenosas.

1276 2702 1307 2728 Y
1329 2701 1473 2739 después
1495 2704 1538 2732 de
1562 2705 1649 2730 todo,
1676 2714 1720 2731 no
1741 2714 1778 2734 se
1802 2706 1929 2735 trataba
1952 2707 1995 2735 de
2016 2707 2102 2735 nada

1235 2742 1276 2769 de
1320 2742 1496 2771 esro—alia
1527 2742 1578 2771 los
1617 2747 2020 2774 controversistas—sino
2062 2747 2103 2776 de

1236 2781 1262 2810 si
1292 2781 1322 2810 la
1341 2781 1494 2819 religión,
1529 2782 1719 2819 cualquiera
1737 2793 1802 2820 que
1822 2784 1925 2821 fuese,
1953 2794 2103 2815 conven¬

1236 2819 1303 2850 dría
1332 2821 1351 2850 ó
1381 2830 1425 2850 no
1457 2823 1489 2852 al
1522 2823 1650 2858 Estado;
1678 2824 1702 2852 si
1736 2825 1765 2852 el
1785 2824 1903 2854 Estado
1926 2834 1990 2863 que
2010 2826 2101 2855 tiene

1236 2861 1465 2893 determinado
1496 2862 1542 2891 fin
1583 2865 1613 2892 le
1650 2863 1787 2894 llenaría
1820 2864 1925 2902 mejor
1965 2875 1987 2903 y
2013 2875 2101 2894 cum¬

1235 2901 1442 2939 plidamente
1466 2902 1661 2933 valiéndose
1688 2905 1729 2932 de
1757 2913 1813 2934 sus
1840 2914 1992 2934 recursos
2020 2908 2100 2935 tem¬

1233 2942 1364 2978 porales
1388 2951 1410 2975 y
1434 2943 1637 2972 atendiendo
1660 2942 1677 2972 á
1700 2953 1755 2972 ese
1790 2945 1863 2973 solo
1889 2945 1934 2973 fin
1962 2945 1982 2973 ó
2006 2949 2098 2974 aten¬

1235 2980 1360 3008 diendo
1391 2982 1408 3009 á
1437 2982 1497 3010 dos
1523 2981 1618 3016 fines;
1652 2984 1680 3010 si
1711 2984 1740 3010 el
1770 2984 1871 3011 deber
1900 2984 1953 3012 del
1981 2985 2098 3020 gober-
