2480 3507
1089 289 1131 316 La
1161 288 1303 316 Malasia

2031 285 2079 319 5
293 380 415 404 muerte,
445 378 467 402 si
482 378 564 403 fuere
589 376 754 408 necesario,
778 377 878 399 contra
898 372 1067 408 cualquiera
1089 373 1143 398 do¬

292 412 444 439 minación
479 415 658 444 extrangera.

331 447 361 472 El
380 455 413 480 29
435 447 471 472 de
493 445 678 479 Septiembre
705 443 767 470 será
792 450 859 476 para
876 442 921 468 los
936 441 1073 476 filipinos
1088 450 1145 468 una

292 482 377 510 fecha
399 480 589 512 imborrable,
618 482 724 514 puesto
750 486 808 513 que
841 477 973 504 sintetiza
1008 477 1034 502 la
1060 477 1147 503 reali¬

293 518 397 545 zación
420 517 456 543 de
479 517 521 543 las
546 514 754 550 aspiraciones
783 513 818 539 de
842 522 880 539 un
918 511 1029 547 pueblo
1065 512 1146 546 opri¬

295 554 391 587 mido,
411 561 467 588 que
494 561 529 578 en
552 552 650 577 virtud
684 551 719 576 de
747 557 786 575 un
809 557 948 584 supremo
972 548 1104 575 esfuerzo
1127 556 1147 583 y

293 599 350 617 con
370 590 397 616 la
418 589 512 625 ayuda
534 587 569 614 de
602 587 627 613 la
657 585 866 617 Providencia,
889 585 965 620 llega
987 584 1002 611 á
1023 584 1149 624 obtener

293 627 318 654 la
343 626 460 653 ansiada
486 623 622 652 libertad.

335 738 404 764 Para
425 746 514 773 pagar
531 745 570 763 un
600 735 710 762 tributo
725 735 761 761 de
779 733 905 768 gratitud
929 733 1014 759 hacía
1035 732 1079 758 los
1093 740 1149 767 que

298 773 489 801 derramaron
523 781 556 800 su
576 780 680 806 sangre
707 779 762 805 por
791 775 906 796 nuestra
936 769 1072 799 libertad,
1103 772 1149 793 to¬

298 811 355 837 dos
375 810 419 836 los
440 808 638 844 prohombres
652 808 688 833 de
709 808 734 833 la
757 805 944 839 Revolución
968 814 983 839 y
1000 813 1057 831 una
1079 804 1152 830 mul¬

299 846 375 873 titud
401 847 546 875 inmensa,
570 853 601 870 se
620 851 821 878 congregaron
844 852 879 869 en
912 842 938 867 el
960 840 1150 868 Cementerio

300 883 336 909 de
365 882 394 909 P;
406 882 443 909 ko
471 882 497 909 el
519 890 532 909 2
563 880 597 906 de
612 880 801 909 Noviembre,
829 887 895 913 para
917 877 1069 912 depositar
1093 884 1151 903 una

299 918 421 945 oración
450 927 484 944 en
506 917 532 944 la
559 917 659 943 tumba
679 918 713 944 de
736 919 868 942 nuestros
893 914 1027 940 mártires
1053 923 1069 948 y
1094 913 1153 940 ele¬

298 963 349 982 var
377 953 521 990 plegarias
546 961 602 987 por
626 953 712 979 todos
734 953 777 978 los
800 960 858 987 que
880 958 1003 984 regaron
1036 958 1091 976 con
1120 958 1152 975 su

298 999 403 1024 sangre
424 992 539 1016 nuestra
568 989 660 1015 actual
685 988 908 1023 regeneración.

334 1026 460 1055 Paterno
486 1034 522 1053 en
548 1024 638 1053 frases
664 1024 924 1060 grandilocuentes
956 1021 1041 1059 pintó
1062 1021 1088 1048 la
1108 1029 1154 1048 sa¬

298 1064 451 1091 tisfacción
475 1073 527 1090 con
552 1072 609 1098 que
631 1064 720 1091 desde
745 1063 788 1089 las
817 1066 923 1087 alturas
945 1070 999 1087 nos
1029 1061 1153 1086 estarían

297 1102 409 1128 viendo
437 1103 570 1127 nuestros
586 1100 770 1134 malogrados
796 1098 1005 1132 compatriotas
1017 1105 1072 1131 que
1091 1097 1156 1123 fue-

299 1146 351 1165 ron
385 1137 430 1164 los
456 1145 513 1172 que
535 1136 706 1163 sembraron
730 1137 754 1162 la
770 1133 895 1168 semilla,
910 1143 986 1169 cuyo
1002 1133 1079 1159 fruto
1095 1134 1155 1159 más

298 1174 380 1200 tarde
409 1173 564 1199 habíamos
582 1172 617 1198 de
638 1172 761 1208 tecojer.
788 1170 937 1197 Guerreio
966 1168 1073 1196 dedicó
1098 1177 1155 1195 una

299 1210 412 1238 sentida
443 1211 542 1244 poesía
584 1213 598 1233 &
629 1209 673 1235 los
715 1207 860 1242 Filipinos
895 1215 952 1240 que
984 1205 1155 1233 sucumbie¬

303 1255 356 1273 ron
382 1255 416 1272 en
440 1246 559 1271 defensa
588 1246 666 1271 déla
690 1244 815 1271 libertad
841 1253 860 1278 y
885 1241 906 1268 Á
915 1241 1012 1277 postcl
1024 1242 1154 1268 también

306 1287 368 1309 otia
395 1281 544 1317 inspirada
571 1283 672 1317 poesía
694 1290 749 1307 con
775 1279 802 1306 el
817 1279 924 1306 mismo
940 1278 993 1306 fin.

344 1433 498 1461 Teniendo
529 1443 565 1461 en
597 1436 701 1460 cuenta
726 1434 845 1459 nuestro
873 1431 1030 1458 Gobierno
1055 1439 1111 1464 que
1131 1431 1157 1457 Ja

306 1470 534 1497 consolidación
548 1469 584 1496 de
598 1471 623 1495 la
640 1468 879 1504 independencia
894 1469 929 1493 de
941 1477 980 1494 un
996 1462 1107 1502 pueblo
1121 1476 1158 1493 no

301 1515 351 1532 cí-¡
353 1510 432 1532 ib!ste
459 1509 524 1531 solo
548 1514 585 1531 en
601 1506 628 1531 I2
647 1505 751 1531 acción
773 1504 810 1529 do
830 1505 871 1529 las
883 1512 978 1530 armas
997 1510 1064 1529 sino
1083 1511 1153 1536 muy

303 1543 534 1578 especialmente
559 1551 593 1568 en
622 1542 647 1567 la
672 1542 710 1567 de
736 1542 760 1566 la
796 1540 997 1574 inteligencia,
1033 1540 1152 1567 decretó

300 1580 327 1605 la
372 1583 486 1613 perfora
519 1578 555 1604 de
575 1587 632 1605 una
662 1578 822 1603 /Academia
846 1580 954 1602 militar
989 1576 1088 1602 donde
1112 1577 1153 1601 ios

296 1613 406 1650 Jejesy
430 1614 560 1641 oficiales
581 1615 626 1641 del
650 1613 776 1648 Ejército
799 1614 944 1648 pudiesen
961 1612 1092 1649 adquirir
1108 1612 1154 1638 los

300 1651 536 1678 conocimientos
557 1659 722 1677 necesarios
738 1657 801 1684 para
818 1650 942 1676 mandar
962 1658 1017 1675 con
1043 1649 1154 1683 arreglo

299 1692 313 1713 á
347 1686 392 1712 los
414 1688 568 1713 modernos
596 1687 747 1713 adelantos
768 1686 802 1711 de
830 1686 856 1712 la
883 1685 1003 1718 milicia;
1021 1694 1039 1719 y
1066 1687 1091 1711 la
1117 1686 1153 1710 de

300 1723 325 1749 la
369 1722 566 1751 Universidad
609 1722 746 1755 literaria,
797 1730 833 1747 en
878 1721 976 1747 donde
1018 1722 1065 1746 los
1104 1720 1135 1755 jó

306 1767 405 1785 venes
445 1762 642 1784 encontrarán
672 1759 699 1782 el
734 1757 836 1783 caudal
870 1758 904 1783 de
930 1766 954 1782 e>
968 1756 1170 1783 cocimientos

314 1803 372 1828 que
397 1796 440 1820 les
463 1795 520 1820 han
538 1794 572 1820 de
598 1793 742 1820 conducir
761 1793 775 1820 á
797 1793 838 1819 las
857 1797 973 1828 pueitas
996 1793 1031 1820 de
1049 1793 1075 1818 la
1094 1792 1167 1819 Glo¬

298 1831 350 1857 ria.

345 1868 369 1892 A
412 1869 471 1892 este
500 1865 608 1892 mismo
636 1866 688 1898 fin,
719 1866 734 1892 ó
762 1874 807 1892 sea
837 1866 850 1891 á
881 1865 906 1891 la
933 1865 1097 1891 formación
1131 1864 1167 1890 de

311 1903 492 1928 Verdaderos
516 1901 710 1935 ciudadanos,
732 1901 832 1927 tiende
851 1901 877 1927 la
899 1908 1031 1927 cieacion
1058 1900 1092 1925 de
1123 1900 1167 1925 los

313 1939 411 1972 clubs,
441 1938 613 1964 sociedades
650 1946 707 1972 que
736 1938 792 1963 han
826 1937 861 1962 de
886 1937 936 1962 dar
974 1937 988 1962 á
1024 1936 1167 1970 Filipinas

310 1983 349 2000 un
375 1974 481 2000 rumbo
509 1974 759 2008 completamente
779 1973 904 1999 distinto
928 1972 976 1998 del
1006 1980 1064 2007 que
1085 1972 1166 1998 hasta

310 2010 383 2036 hace
408 2019 482 2044 poco
507 2011 631 2036 llevaba.
658 2010 699 2035 En
715 2010 798 2035 todas
818 2013 914 2044 partes
934 2018 963 2033 se
982 2008 1018 2034 ha
1041 2016 1166 2034 recono¬

308 2052 375 2072 cido
401 2047 427 2072 la
457 2046 653 2081 importancia
679 2046 714 2072 de
745 2054 809 2072 esas
841 2045 1023 2077 sociedades,
1051 2052 1165 2078 porque

307 2090 362 2116 por
390 2082 488 2108 medio
525 2081 560 2109 de
583 2082 654 2108 ellas
689 2090 718 2107 se
753 2081 844 2107 educa
875 2081 897 2106 al
927 2080 1050 2115 pueblo,
1085 2089 1114 2106 se
1138 2082 1164 2105 le

305 2120 414 2143 enseña
443 2120 457 2142 á
480 2126 560 2144 amar
582 2118 607 2143 la
633 2118 773 2151 libertad,
800 2118 813 2142 á
846 2125 892 2142 ser
919 2116 1066 2146 honrado,
1095 2120 1109 2141 á
1123 2124 1162 2141 no

302 2153 492 2187 precipitarse
513 2162 547 2180 en
562 2153 603 2179 las
618 2151 848 2187 profundidades
864 2151 912 2178 del
925 2152 1018 2178 vicio.

347 2188 404 2214 Por
423 2197 473 2213 eso
490 2190 637 2215 sentimos
658 2189 725 2214 viva
745 2188 918 2215 satisfación
944 2190 968 2213 al
984 2194 1038 2212 ver
1052 2194 1108 2221 que
1120 2186 1162 2211 las

313 2231 488 2258 esperanzas
505 2228 541 2251 de
562 2225 609 2251 ios
632 2223 813 2250 fundadoies
830 2223 867 2249 de
892 2231 954 2249 esas
991 2221 1163 2249 sociedades

315 2267 345 2285 se
375 2261 500 2286 realizan
521 2261 546 2287 al
578 2260 795 2294 corresponder
821 2259 847 2284 el
875 2259 985 2293 pueblo
1019 2263 1121 2284 enteio
1149 2259 1162 2283 á

311 2303 360 2320 sus
381 2296 496 2322 buenos
528 2297 633 2324 deseos
661 2296 695 2321 de
724 2294 909 2321 infiltrársele
929 2294 954 2319 la
978 2294 1160 2321 ilustración.

307 2330 420 2356 Prueba
436 2333 471 2357 de
498 2333 526 2358 lo
543 2339 600 2367 que
615 2331 746 2357 decimos
762 2339 792 2357 es
811 2332 835 2355 el
855 2330 933 2357 éxito
953 2329 1096 2357 obtenido
1111 2337 1163 2363 por

311 2365 337 2392 el
359 2365 485 2393 Pr.r.i.lnr
499 2368 526 2395 el
543 2369 590 2394 dia
611 2368 646 2393 de
661 2376 694 2393 su
715 2367 939 2400 inauguración,
956 2374 1030 2400 pues
1051 2366 1100 2391 allí
1114 2365 1160 2391 sin

311 2402 476 2429 distinción
506 2405 542 2431 de
564 2403 666 2436 clases,
697 2401 917 2429 admirábamos
944 2402 989 2427 los
1016 2401 1162 2435 primores

312 2438 347 2464 de
372 2439 413 2464 las
433 2440 595 2467 esculturas
629 2439 664 2464 de
693 2438 832 2470 Arévalo,
864 2440 1096 2467 repiesentando
1117 2437 1163 2463 los

315 2475 462 2501 martirios
488 2484 545 2511 que
581 2476 793 2510 compatriotas
835 2476 969 2499 nuestios
996 2473 1162 2500 recibieron

311 2510 346 2536 de
366 2510 411 2536 los
432 2511 600 2546 españoles;
615 2511 659 2537 los
673 2510 802 2545 trabajos
815 2509 1008 2543 gimnásticos
1023 2509 1058 2535 de
1080 2510 1163 2535 acró¬

317 2546 397 2572 batas
418 2546 566 2582 filipinos;
594 2550 712 2573 nuestra
746 2546 864 2572 marcha
901 2545 1099 2580 interpretada
1123 2554 1161 2571 en

318 2581 493 2610 bandurrias
514 2594 532 2620 y
559 2584 699 2616 guitarras
726 2589 780 2616 por
810 2581 978 2615 simpáticas
1005 2581 1161 2614 señoritas;

310 2617 352 2643 las
371 2620 537 2653 argentinas
564 2627 652 2645 voces
684 2618 719 2643 de
757 2625 842 2651 unas;
874 2617 902 2642 la
928 2616 1096 2643 delicadeza
1124 2625 1161 2642 en

307 2652 332 2679 la
362 2656 517 2689 ejecución
546 2654 581 2681 de
617 2655 716 2689 piezas
749 2653 907 2680 musicales
932 2662 967 2679 en
996 2652 1024 2679 el
1051 2651 1162 2678 instru¬

303 2696 404 2716 mento
424 2693 460 2718 de
488 2691 667 2719 Rubinstein
704 2692 740 2718 de
755 2693 841 2725 otras,
855 2690 898 2716 los
914 2690 1055 2716 hechizos
1077 2697 1112 2714 en
1134 2687 1163 2713 el

305 2726 381 2751 baile
396 2728 433 2753 de
461 2728 581 2762 algunas
607 2737 626 2762 y
658 2729 683 2753 la
709 2727 900 2760 inteligencia
920 2732 1041 2760 prescoz
1055 2725 1091 2750 de
1103 2732 1161 2749 una

303 2765 385 2792 niña.

348 2800 394 2827 No
420 2800 561 2828 dudamos
595 2808 652 2835 que
678 2808 713 2826 en
749 2801 836 2826 breve
862 2797 973 2830 tiempo
1009 2795 1159 2830 quedarán

311 2836 475 2863 realizados
501 2839 543 2864 los
561 2836 665 2863 deseos
694 2834 741 2862 del
772 2833 847 2861 Club
865 2832 990 2868 popular
993 2853 999 2864 ,
1021 2831 1160 2858 manifes¬

312 2873 395 2900 tados
415 2882 471 2908 por
490 2882 522 2901 su
548 2872 719 2900 Presidente
743 2880 778 2898 en
805 2878 838 2896 su
872 2871 1006 2896 discurso
1035 2868 1161 2902 inaugu¬

312 2910 364 2942 ral,
394 2918 466 2944 pues
487 2919 524 2945 ya
545 2918 580 2935 en
612 2913 689 2943 parte
704 2917 734 2934 se
758 2906 808 2933 vió
835 2915 892 2940 que
907 2905 971 2931 «los
992 2905 1100 2938 pobres
1122 2904 1158 2929 de

313 2944 392 2978 igual
421 2947 509 2971 modo
525 2953 582 2980 que
597 2945 641 2970 los
656 2946 731 2970 ricos
759 2942 962 2978 participaban
979 2942 1012 2966 de
1026 2940 1067 2965 las
1087 2948 1158 2964 ven-

308 2979 381 3013 tijas
404 2988 422 3013 y
443 2980 653 3007 comodidades
681 2987 738 3013 que
755 2978 851 3003 ofrece
877 2977 903 3001 la
938 2976 1156 3007 civilización»,

302 3022 321 3047 y
355 3022 413 3047 que
437 3014 478 3041 las
516 3015 720 3040 confeiencias
752 3012 881 3044 lograrán
908 3019 942 3035 su
977 3011 1090 3035 intento
1122 3009 1158 3033 de

310 3047 446 3074 difundir
464 3050 506 3075 los
529 3049 764 3075 conocimientos
786 3046 933 3071 humanos
958 3052 1025 3078 para
1042 3044 1067 3068 la
1083 3051 1158 3068 con¬

1244 379 1279 397 ve
1297 371 1397 397 niente
1417 369 1592 397 ilustración
1614 370 1649 396 de
1664 371 1691 396 la
1708 378 1785 395 masa
1801 370 1928 406 popular
1950 379 1968 405 y
1984 371 2041 398 Que
2061 371 2105 396 los

1245 405 1270 439 ej
1289 406 1415 432 creídos
1448 405 1616 439 corporales
1651 405 1740 438 harán
1776 407 1832 438 que
1867 407 2020 439 tengamos
2045 414 2105 431 una

1253 441 1400 473 juventud
1428 448 1495 466 sana
1518 449 1535 474 y
1556 440 1660 466 fuerte.
1686 439 1718 466 El
1748 439 1789 465 Sr.
1818 439 1957 470 Sandiko,
1991 449 2044 474 por
2077 441 2104 465 la

1254 475 1407 502 iniciativa
1430 484 1462 502 en
1483 475 1508 500 la
1531 475 1695 502 formación
1722 474 1757 499 de
1773 478 1848 500 estas
1869 474 2051 506 sociedades,
2072 482 2102 500 es

1255 511 1396 537 acreedor
1424 510 1437 537 á
1458 510 1482 537 la
1505 510 1630 544 gratitud
1653 518 1671 544 y
1699 509 1724 536 al
1750 510 1869 543 aplauso
1902 518 1961 545 que
1992 510 2020 544 el
2047 518 2102 544 pu¬

1260 546 1337 573 blico
1364 555 1403 573 no
1431 546 1467 572 ha
1489 546 1666 573 escatimado
1695 549 1731 571 en
1757 545 1921 574 tributarle,

1289 690 1355 717 Una
1381 689 1603 717 manifestación
1620 689 1773 724 grandiosa
1799 690 1844 716 del
1871 690 2004 716 humano
2018 691 2103 718 saber

1252 729 1323 753 tuvo
1349 727 1431 760 lugar
1456 726 1528 753 hace
1551 735 1643 762 pocos
1677 727 1738 753 días
1766 734 1802 752 en
1834 726 1860 752 el
1890 726 2041 759 Congreso
2062 729 2099 753 de

1253 762 1384 789 Maiolos
1412 770 1465 788 con
1490 763 1603 789 motivo
1629 763 1665 788 de
1697 763 1722 788 la
1749 761 1900 788 discusión
1937 762 2056 789 relativa
2088 764 2102 788 á

1252 798 1279 824 la
1305 798 1440 824 cuestión
1466 797 1614 832 religiosa.
1648 798 1680 824 El
1705 798 1749 824 Sr.
1776 798 1923 824 Calderón
1946 798 2033 833 aduje
2058 807 2102 824 ar¬

1254 839 1410 869 gumentos
1441 833 1556 861 hábiles
1576 844 1613 861 en
1642 836 1695 869 pió
1723 834 1758 861 de
1782 834 1807 859 la
1836 834 2020 861 declaración
2050 844 2104 870 por

1253 871 1280 897 el
1302 871 1407 897 Estado
1439 872 1473 897 de
1501 871 1626 906 religión
1660 878 1730 906 suya
1763 870 1789 896 la
1816 871 1950 904 católica;
1984 879 2043 897 mas
2076 872 2103 896 el

1252 907 1294 933 Sr.
1322 907 1428 934 Tomás
1456 907 1494 934 G.
1526 908 1574 934 del
1605 907 1738 940 Rosario,
1777 915 1832 932 con
1859 907 1884 932 la
1922 915 1966 934 coi
1981 907 2100 934 vicción

1254 944 1289 969 de
1305 952 1345 970 un
1378 943 1541 969 verdadero
1576 946 1712 978 patriota,
1737 950 1848 977 expuso
1870 943 1884 968 á
1911 943 1936 969 la
1962 945 2103 970 conside¬

1254 979 1353 1006 ración
1379 980 1414 1006 de
1436 988 1485 1006 sus
1507 982 1706 1014 compañeros
1728 978 1772 1004 los
1792 979 1881 1004 males
1906 986 1963 1014 que
1996 982 2102 1007 traería

1252 1016 1373 1052 consigo
1404 1015 1430 1042 el
1458 1019 1595 1052 proteger
1624 1014 1822 1042 oficialmente
1853 1014 1879 1040 el
1907 1014 2102 1052 catolicismo;

1252 1053 1342 1081 habló
1365 1053 1401 1080 de
1418 1053 1462 1080 los
1489 1062 1533 1088 peí
1541 1053 1651 1085 juicios
1677 1057 1819 1080 causados
1840 1054 1854 1079 á
1872 1055 1894 1078 la
1921 1052 2103 1081 humanidad

1253 1099 1307 1126 por
1332 1099 1377 1117 esa
1401 1090 1540 1126 religión;
1566 1091 1610 1117 del
1648 1091 1781 1117 irritante
1809 1089 1964 1125 privilegio
1988 1100 2044 1126 que
2071 1100 2102 1117 se

1253 1128 1380 1162 seguiría
1407 1136 1442 1153 en
1474 1136 1510 1152 no
1546 1135 1705 1155 reconocer
1727 1126 1751 1153 la
1784 1127 1919 1161 igualdad
1945 1127 1980 1153 de
2016 1127 2103 1155 todos

1253 1163 1297 1190 los
1322 1164 1429 1196 cultos;
1455 1164 1500 1189 del
1522 1169 1669 1190 retroceso
1685 1171 1742 1198 que
1764 1163 1788 1188 el
1804 1163 1866 1197 país
1889 1163 1967 1189 daría
1990 1172 2043 1198 por
2064 1173 2102 1190 no

1253 1200 1351 1234 seguir
1365 1200 1378 1226 á
1389 1199 1434 1226 los
1447 1199 1575 1235 pueblos
1590 1201 1651 1227 más
1673 1198 1841 1227 civilizaros
1863 1207 1900 1224 en
1915 1201 1976 1225 este
1998 1203 2102 1231 punto,

1253 1245 1271 1272 y
1300 1246 1335 1262 en
1369 1245 1426 1262 una
1455 1236 1582 1271 palabra,
1612 1237 1737 1270 después
1767 1236 1802 1261 de
1831 1236 1917 1261 cinco
1959 1235 2047 1262 huras
2069 1237 2104 1262 de

1255 1273 1442 1307 peroración,
1475 1272 1501 1297 el
1528 1273 1692 1306 Congreso,
1716 1276 1903 1298 convencido
1930 1272 1965 1298 de
1994 1273 2038 1299 los
2058 1273 2106 1298 in¬

1259 1317 1376 1336 mensos
1399 1308 1561 1344 perjuicios
1589 1318 1645 1344 que
1668 1317 1826 1336 ac.rieana
1856 1316 1869 1333 a
1904 1307 2047 1342 Filipinas
2082 1310 2106 1336 la

1258 1346 1428 1381 protección
1456 1355 1468 1372 a
1498 1345 1524 1371 la
1557 1346 1683 1380 religión
1707 1344 1839 1372 católica,
1872 1344 1984 1378 apiobó
2012 1347 2035 1371 la
2053 1354 2106 1372 en¬

1258 1382 1375 1409 mienda
1394 1382 1439 1408 del
1463 1381 1504 1408 Sr.
1521 1382 1567 1408 del
1595 1381 1727 1414 Rosario,
1753 1390 1786 1407 en
1811 1389 1868 1416 que
1890 1390 1919 1406 se
1944 1381 2056 1408 declara
2080 1383 2106 1408 la

1257 1417 1383 1445 libertad
1407 1419 1422 1444 é
1450 1418 1589 1453 igualdad
1621 1419 1654 1445 de
1676 1417 1762 1444 todos
1789 1417 1831 1443 los
1849 1417 1945 1443 cuUos
1967 1426 1981 1452 y
2008 1426 2038 1444 se
2058 1427 2106 1445 es¬

1257 1456 1370 1481 tablece
1395 1454 1420 1480 la
1448 1462 1531 1488 separ
1552 1456 1619 1480 cion
1644 1454 1678 1481 de
1703 1453 1710 1479 1
1723 1469 1726 1476 •
1756 1453 1858 1486 Iglesia
1889 1462 1903 1486 y
1925 1455 1971 1479 del
1989 1453 2095 1481 Estado
2099 1464 2106 1469 -

1295 1491 1324 1517 El
1361 1491 1403 1517 Sr.
1446 1493 1491 1517 del
1519 1491 1640 1517 Rosario
1680 1498 1734 1524 por
1767 1496 1826 1515 este
1863 1489 1960 1516 hecho
1993 1499 2109 1517 meiece

1256 1527 1325 1554 bien
1356 1528 1392 1553 de
1424 1526 1450 1553 la
1482 1525 1584 1559 Patria,
1611 1534 1726 1562 porque
1748 1525 1784 1551 ha
1810 1529 1920 1552 evitad,
1952 1534 1981 1561 ^t
1997 1536 2011 1552 e
2040 1527 2111 1553 Fili-

1255 1563 1340 1597 picas
1365 1563 1493 1597 después
1521 1564 1555 1588 de
1582 1562 1775 1598 coiicjuibtada
1804 1571 1836 1587 su
1869 1563 2002 1593 libertad,
2029 1565 2109 1590 fuera

1253 1598 1385 1634 arrojada
1416 1600 1430 1626 á
1459 1600 1502 1626 los
1526 1598 1657 1626 abismos
1685 1598 1731 1624 del
1757 1597 2003 1626 obscurantismo.

1302 1751 1338 1777 La
1359 1750 1556 1777 Conferencia
1574 1750 1610 1775 de
1627 1749 1706 1776 París
1727 1749 1764 1775 ha
1789 1750 1916 1775 resuelto
1940 1758 1975 1783 ya
2001 1750 2026 1775 el
2047 1758 2117 1784 pro¬

1267 1786 1361 1813 blema
1385 1786 1514 1822 filipino.
1538 1786 1652 1820 España
1675 1786 1718 1812 sin
1747 1785 1840 1812 medir
1860 1786 1902 1811 las
1928 1794 2115 1812 consecuen¬

1265 1823 1323 1849 cias
1338 1832 1395 1859 que
1421 1823 1539 1858 puedan
1568 1823 1662 1857 venir,
1682 1822 1793 1849 vendió
1807 1821 1832 1847 el
1851 1821 1999 1849 terrilono
2026 1830 2116 1849 nues¬

1263 1861 1319 1894 tro,
1345 1859 1573 1895 reconquistado
1612 1866 1665 1893 por
1692 1864 1828 1884 nuestros
1859 1857 2032 1892 sacrificios,
2059 1866 2115 1893 por

1263 1903 1302 1921 un
1331 1895 1447 1930 puñado
1476 1897 1511 1923 de
1529 1903 1581 1921 oro
1596 1897 1608 1920 á
1634 1894 1781 1921 América.
1804 1895 1835 1920 La
1864 1894 2059 1929 degradación
2077 1895 2114 1919 de

1265 1940 1303 1957 un
1333 1933 1441 1965 pueblo
1463 1941 1500 1958 no
1522 1939 1553 1956 se
1573 1930 1700 1956 concibe
1725 1939 1781 1965 que
1803 1931 1895 1964 llegue
1915 1931 1946 1956 h..
1956 1934 1994 1956 sta
2018 1931 2043 1956 el
2061 1938 2111 1956 ex¬

1263 1970 1358 1994 tremo
1383 1977 1419 1994 en
1436 1976 1494 2003 que
1522 1966 1635 2001 España
1656 1967 1693 1993 ha
1718 1966 1845 2000 llegado,
1870 1967 2043 1994 vendiendo
2054 1975 2112 1991 una

1265 2012 1329 2030 cosa
1355 2013 1411 2039 que
1435 2014 1469 2039 ya
1494 2012 1531 2029 no
1559 2012 1589 2028 es
1615 2011 1698 2038 suya,
1730 2012 1816 2028 como
1848 2004 1875 2027 lo
1904 2003 2033 2038 prueban
2068 2002 2113 2027 los

1264 2044 1379 2066 catorce
1401 2041 1453 2067 mil
1479 2039 1665 2074 prisioneros
1686 2040 1838 2073 españoles
1860 2048 1918 2074 que
1942 2048 1971 2065 se
1999 2038 2113 2064 rindie¬

1264 2084 1315 2101 ron
1343 2077 1368 2102 al
1388 2084 1508 2112 empuje
1529 2076 1564 2101 de
1590 2079 1727 2101 nuestros
1756 2075 1849 2101 bolos.
1879 2075 1952 2101 Tero
1980 2074 2115 2109 dejemos

1263 2114 1326 2138 esto
1354 2122 1411 2147 que
1433 2122 1468 2147 ya
1493 2120 1523 2137 es
1547 2120 1586 2137 un
1603 2111 1700 2138 hecho
1718 2111 1900 2137 consumado
1923 2121 1940 2146 y
1959 2105 2115 2136 tendamos

1262 2148 1289 2174 la
1319 2148 1391 2173 vista
1420 2147 1503 2174 hacia
1534 2147 1682 2175 América.

1297 2183 1439 2209 Nosotros
1455 2183 1481 2209 al
1504 2182 1572 2208 unir
1592 2187 1710 2209 nuestra
1725 2184 1824 2207 suerte
1839 2182 1851 2205 á
1866 2181 1890 2206 la
1905 2182 1940 2207 de
1966 2181 2114 2210 América,

1262 2218 1427 2245 confiamos
1452 2227 1486 2244 en
1506 2226 1563 2253 que
1579 2226 1616 2243 no
1643 2218 1762 2253 dejarán
1778 2217 1814 2242 de
1843 2216 1974 2252 cumplir
1988 2216 2013 2242 la
2030 2225 2116 2241 cons¬

1262 2254 1387 2281 titución
1418 2255 1454 2280 de
1491 2254 1625 2289 aquellos
1653 2253 1806 2288 puritanos
1835 2261 1892 2287 que
1930 2254 1956 2278 lo
1985 2251 2115 2286 primero

1262 2298 1319 2325 que
1364 2289 1582 2317 establecieron
1620 2291 1678 2322 fue,
1707 2297 1764 2324 que
1800 2289 1915 2314 cuando
1943 2287 1970 2314 lo
2005 2288 2117 2322 permi¬

1261 2327 1354 2352 tieran
1382 2334 1431 2352 sus
1451 2326 1620 2356 elementos,
1646 2334 1676 2351 se
1702 2324 1880 2351 declararían
1899 2324 1941 2349 los
1971 2332 2116 2358 campeo¬

1262 2370 1313 2387 nes
1339 2362 1375 2388 de
1402 2363 1428 2388 la
1450 2361 1632 2388 humanidad
1650 2369 1716 2396 para
1744 2360 1893 2385 redimir'á
1922 2361 1963 2385 los
1987 2360 2114 2394 pueblos

1262 2398 1438 2432 oprimidos,
1476 2397 1626 2432 principio
1665 2396 1790 2431 seguido
1829 2396 1855 2421 al
1888 2395 2053 2422 declararse
2087 2395 2115 2422 la

1260 2442 1362 2468 guerra
1392 2443 1447 2460 con
1472 2433 1583 2468 España
1603 2441 1639 2459 en
1669 2433 1744 2459 vista
1772 2432 1807 2458 de
1836 2431 1864 2457 la
1907 2431 2050 2458 conducta
2077 2431 2120 2459 de,

1262 2470 1321 2495 ésta
1356 2478 1412 2495 con
1434 2479 1482 2496 sus
1513 2469 1658 2502 colonias,
1679 2478 1696 2503 y
1720 2475 1770 2493 eso
1794 2476 1825 2494 es
1849 2467 1877 2493 lo
1906 2475 1963 2503 que
1992 2476 2045 2493 nos
2065 2468 2112 2494 in¬

1261 2508 1335 2533 duce
1360 2506 1375 2531 á
1407 2513 1524 2540 esperar
1552 2506 1588 2531 de
1621 2505 1646 2530 la
1671 2502 1761 2530 noble
1798 2505 1902 2529 nación
1942 2503 2109 2529 americana

1262 2544 1334 2576 haga
1354 2540 1471 2576 justicia
1498 2542 1512 2566 á
1539 2543 1669 2567 nuestras
1698 2538 1907 2573 aspiraciones,
1932 2546 2055 2573 seguros
2073 2539 2108 2565 de

1261 2586 1319 2614 que
1354 2587 1391 2603 no
1420 2577 1537 2612 dejarán
1571 2585 1605 2603 en
1637 2576 1680 2601 las
1724 2575 1844 2609 páginas
1874 2575 1910 2600 de
1943 2581 1976 2600 su
2014 2575 2110 2601 histo¬

1261 2615 1311 2646 ria,
1341 2613 1368 2638 el
1397 2614 1506 2640 boirón
1536 2613 1572 2639 de
1596 2614 1771 2638 retenernos
1793 2619 1880 2636 como
1906 2609 2036 2637 colonia.

1295 2649 1323 2676 Y
1348 2650 1464 2676 cuando
1489 2652 1549 2674 este
1573 2656 1639 2675 caso
1665 2647 1853 2683 improbable
1867 2646 2031 2680 sucediere,
2056 2654 2109 2672 en¬

1259 2689 1363 2712 tonces
1389 2684 1534 2719 Filipinas
1558 2684 1600 2710 ira
1625 2687 1742 2718 gustosa
1764 2683 1791 2708 al
1817 2681 1975 2714 sacrificio;
1987 2681 2109 2708 luchará

1260 2722 1341 2747 hasta
1365 2722 1389 2746 la
1419 2724 1531 2748 muerte
1552 2729 1607 2746 con
1630 2719 1855 2753 desesperación
1883 2717 2014 2749 heréica;
2040 2725 2110 2751 por¬

1260 2765 1316 2793 que
1339 2756 1408 2782 sabe
1425 2764 1482 2791 que
1498 2755 1543 2781 «el
1571 2757 1707 2789 enemigo
1726 2756 1782 2780 esta
1797 2754 1912 2779 encima
1931 2762 1951 2789 y
1974 2761 2005 2778 se
2028 2752 2056 2779 le
2070 2752 2106 2779 vé

1258 2803 1274 2828 y
1295 2800 1325 2818 se
1340 2793 1365 2818 le
1378 2800 1520 2821 conoce»,
1543 2800 1609 2826 para
1624 2789 1783 2823 conseguir
1798 2791 1824 2816 el
1853 2788 2109 2814 reconocimiento

1259 2830 1295 2857 de
1319 2837 1352 2854 su
1376 2827 1595 2855 nacionalidad.
1623 2826 1658 2854 La
1686 2825 1780 2853 unión
1809 2824 1939 2852 estrecha
1964 2824 2000 2849 de
2023 2824 2111 2850 todos

1257 2866 1302 2893 los
1321 2864 1454 2900 filipinos
1480 2872 1511 2891 es
1541 2872 1579 2890 un
1611 2871 1629 2889 v
1650 2863 1739 2889 Hadar
1760 2870 1827 2897 para
1850 2860 2023 2896 cualquiera
2048 2868 2110 2886 am¬

1259 2902 1358 2929 bición
1388 2909 1446 2935 que
1472 2900 1573 2934 quiera
1602 2900 1689 2925 cebar
1709 2907 1756 2925 sus
1781 2906 1876 2932 garras
1904 2905 1939 2923 en
1972 2901 2110 2923 nosotros

1255 2946 1275 2973 y
1302 2938 1326 2963 la
1357 2935 1552 2963 Providencia
1575 2943 1633 2969 que
1659 2935 1693 2960 vé
1733 2937 1847 2960 nuestra
1877 2932 2028 2958 debilidad
2055 2940 2112 2958 nos

1257 2973 1325 3000 dará
1349 2973 1410 2997 más
1425 2971 1554 2999 alientos
1579 2978 1645 3004 para
1672 2970 1771 3003 lograr
1785 2969 1812 2994 el
1831 2968 1944 2994 triunfo
1970 2967 2004 2993 de
2020 2975 2108 2993 nues¬

1256 3014 1298 3036 tra
1321 3017 1416 3035 causa.

1832 3036 1867 3063 B.
1889 3036 1960 3070 Lope
