2480 3507
372 320 414 352 10
1139 318 1181 345 La
1210 316 1349 344 Malasia

325 414 447 452 querida
474 410 633 445 Filipinas,
661 417 697 433 en
733 408 863 441 cambio,
889 407 917 434 la
946 407 973 432 íé
1001 416 1019 441 y
1052 405 1085 433 la,
1111 412 1166 431 con

325 453 442 480 vicción
477 448 512 478 de
543 444 689 471 combatir
697 466 700 468 ,
713 452 768 476 por
801 447 922 470 nuestro
951 441 1079 469 derecho
1113 448 1185 465 con¬

324 488 457 518 culcado,
481 484 539 509 dan
546 489 591 507 me
614 479 738 505 «lientos
762 488 781 514 y
802 480 915 506 fuerzas
942 487 1011 510 para
1040 474 1184 502 sobrede-
1205 492 1209 497 .
1232 480 1237 508 j

329 534 376 552 var
402 524 447 550 los
475 525 570 546 azares
600 515 635 540 de
670 515 696 541 la
722 523 826 549 guerra
855 514 881 541 al
909 522 961 548 par
984 524 1042 551 que
1065 520 1109 537 me
1134 509 1184 535 ha¬

324 569 378 589 cen
402 554 581 589 vislumbrar
609 549 789 585 halagüeñas
803 558 977 587 esperanzas
997 553 1032 577 de
1049 545 1184 574 victoria.

360 597 485 629 —Pero,
513 597 567 627 por
599 590 734 618 ventura,
775 589 806 615 tu
840 595 966 624 persona
991 597 1021 614 es
1060 585 1185 618 impres¬

325 634 459 663 cindible
486 638 522 655 en
549 627 590 652 las
614 623 724 651 filas?...
751 625 898 663 ¿Quieres
930 623 1061 659 dejarme
1089 623 1188 646 entre¬

327 672 403 707 gada.
426 671 441 697 á
467 675 524 694 una
551 659 632 688 cruel
655 663 780 689 Zozobra
807 663 962 696 pensando
1000 671 1039 689 en
1063 661 1094 685 tu
1122 656 1187 683 des¬

325 707 405 738 tino?
426 704 558 742 ¿quieres
583 698 725 725 sumirme
746 708 783 726 en
805 702 1003 734 una’amarga
1020 692 1185 725 tristeza?...

327 747 413 776 jQue
440 741 510 769 haré
535 744 572 771 yo
593 734 716 763 durante
749 739 778 763 tu
803 737 961 764 ausencia?
992 735 1108 772 ¿dónde
1137 732 1172 757 lia
1181 746 1189 750 -

328 777 401 811 fiaré
425 781 465 807 lili
491 770 633 805 consuelo
661 779 718 804 c¡u6
735 774 842 806 aligere
865 774 891 801 c!
920 773 1060 801 doloroso
1094 769 1185 796 senti¬

329 819 439 847 miento
462 815 497 841 de
516 813 561 839 los
585 810 761 838 recuerdos?
774 812 834 838 Oh!
861 810 960 839 Rafael
981 811 1016 836 de
1039 809 1078 837 mí
1101 809 1188 842 alma,

330 866 368 883 no
391 858 419 881 te
439 858 541 886 vayas,
564 853 622 880 que
644 856 691 874 me
714 848 895 875 destrozarás
916 848 945 874 el
965 847 1103 875 corazón.

364 891 389 919 Y
414 889 521 923 cayóse
555 891 592 911 en
624 883 670 909 los
705 886 809 912 brazos
844 886 881 912 de
907 894 941 912 su
969 888 1086 910 amante
1108 884 1190 910 llena;

328 932 363 957 de
391 921 656 954 desfallecimiento
683 930 702 956 y
728 922 857 957 anegada
888 931 924 948 en
946 921 1093 953 lágrimas.
1118 920 1191 947 Car¬

331 974 410 999 men,
436 967 583 989 temerosa
607 956 642 982 de
669 966 726 992 que
750 968 783 985 su
805 958 935 986 adorado
962 958 1062 985 Rafael
1087 958 1187 984 alcan¬

329 1002 403 1028 zaría
425 1008 465 1026 un
500 994 568 1023 fatal
595 993 672 1024 sino,
702 995 868 1021 resolvióse
900 1003 938 1021 no
968 994 1079 1029 dejarle
1111 1003 1190 1021 mar¬

329 1040 409 1068 char.
441 1036 473 1066 El
498 1029 667 1062 estudiante
690 1031 893 1061 hondamente
920 1030 1114 1065 conmovido,
1139 1041 1188 1059 co¬

329 1078 377 1113 gió
404 1084 460 1103 con
490 1081 524 1100 su
555 1069 662 1097 diestra
699 1071 725 1097 la
753 1071 788 1098 de
813 1080 847 1098 su
886 1070 988 1097 amada
1014 1080 1032 1106 y
1061 1071 1188 1097 observó

330 1123 389 1143 con
411 1109 566 1147 plañidero
593 1109 707 1134 acento:

365 1148 471 1181 —Qué
492 1145 615 1182 quieres
632 1152 690 1179 que
717 1144 801 1179 haga,
826 1144 912 1180 ángel
937 1145 1011 1179 mió;
1038 1146 1052 1171 á
1073 1146 1113 1171 mí
1129 1153 1194 1170 mu¬

330 1188 387 1215 cho
416 1194 463 1212 me
488 1183 611 1209 abruma
640 1180 668 1206 el
687 1189 856 1215 separarme
878 1181 912 1208 de
934 1181 966 1212 tí,
1001 1190 1072 1216 pero
1093 1182 1120 1208 el
1143 1181 1194 1206 de¬

332 1227 384 1252 ber
404 1231 422 1258 y
444 1222 471 1248 la
491 1217 677 1253 abnegación
700 1224 746 1243 me
770 1219 891 1254 obligan
912 1218 928 1244 á
943 1217 1064 1246 abdicar
1088 1219 1124 1245 de
1140 1218 1197 1244 mis

333 1262 448 1288 desees.
475 1256 510 1283 La
543 1253 637 1282 Patria
660 1253 690 1279 lo
715 1254 798 1289 exige
821 1264 838 1292 y
866 1255 950 1282 todos
971 1264 1057 1281 como
1079 1256 1194 1282 buenos

334 1297 413 1332 hijos
445 1294 588 1321 debemos
610 1289 790 1317 defenderla.
823 1291 904 1328 ¡Tres
926 1291 1074 1318 centurias
1096 1300 1113 1318 v
1135 1299 1196 1317 me¬

333 1334 380 1361 dia
403 1331 439 1358 de
464 1330 536 1356 dura
569 1326 811 1355 dominación!...
834 1338 884 1362 no,
920 1336 954 1361 ya
981 1337 1018 1354 no
1049 1328 1195 1361 podemos

333 1378 387 1405 por
413 1366 475 1393 más
495 1366 608 1398 tiempo
633 1363 794 1398 prolongar
822 1369 882 1392 este
913 1363 997 1392 triste
1025 1365 1128 1391 estado
1160 1365 1194 1390 de

335 1407 453 1433 nuestro
481 1401 554 1436 pais.
579 1400 621 1425 Ya
639 1401 674 1427 ha
698 1401 811 1427 sonado
833 1402 859 1428 la
886 1401 958 1427 hora
979 1401 1118 1436 prefijada
1141 1409 1195 1433 por

334 1443 359 1469 la
389 1436 588 1468 Providencia
617 1437 653 1463 de
685 1436 839 1465 descorrer
874 1437 962 1473 aquel
985 1438 1090 1472 tupido
1126 1438 1194 1464 velo

333 1480 369 1506 de
405 1477 434 1503 la
481 1473 654 1509 ignorancia
694 1482 751 1503 que
799 1475 844 1501 los
877 1475 991 1502 tiranos
1032 1475 1189 1510 españoles

335 1523 389 1543 nos
414 1514 546 1540 trataban
575 1511 610 1537 de
635 1511 779 1538 encubrir
801 1521 869 1546 para
897 1511 987 1539 hacer
1010 1513 1046 1539 de
1060 1515 1198 1538 nosotros

334 1550 433 1579 fútiles
463 1549 681 1577 instrumentos
705 1547 740 1574 de
766 1557 815 1575 sus
837 1549 996 1586 caprichos
1021 1550 1037 1576 é
1061 1549 1199 1576 infamias

336 1599 353 1620 y
379 1595 447 1624 para
474 1585 565 1621 poder
590 1583 728 1619 explotar
752 1585 765 1611 á
793 1586 943 1615 mansalva
974 1590 1096 1613 nuestro
1123 1585 1199 1616 pais.

336 1626 380 1653 Ya
402 1625 438 1651 ha
464 1622 580 1658 llegado
601 1621 628 1648 el
648 1625 798 1649 momento
822 1632 858 1650 en
880 1631 938 1660 que
959 1623 1103 1650 debemos
1125 1631 1201 1648 rom¬

338 1670 390 1694 per
413 1661 438 1686 la
460 1660 562 1686 odiosa
585 1657 694 1683 cadena
715 1659 750 1684 de
770 1658 798 1684 la
824 1660 998 1687 esclavitud,
1023 1667 1138 1694 porque
1160 1665 1200 1683 nn

338 1696 463 1726 hombre
490 1696 535 1722 sin
563 1694 702 1726 libertad,
725 1694 771 1720 sin
794 1695 883 1730 hogar
906 1698 1062 1731 tranquilo
1091 1696 1120 1722 ni
1148 1696 1202 1721 Pa¬

337 1735 389 1762 tria
411 1732 547 1768 propia...
572 1739 602 1755 es
618 1736 705 1756 cómo
738 1739 776 1756 un
793 1732 884 1765 paria.
914 1731 972 1759 Por
988 1734 1013 1759 lo
1027 1736 1118 1763 tanto,
1139 1740 1198 1767 pon

332 1781 369 1798 en
390 1778 494 1796 manos
516 1767 551 1793 de
574 1767 646 1792 Dios
674 1769 793 1792 nuestra
814 1771 909 1796 suerte
935 1778 993 1804 que
1018 1769 1049 1795 El
1071 1777 1123 1795 nos
1146 1764 1202 1794 lle¬

333 1807 402 1834 vará
438 1813 474 1831 en
519 1802 578 1829 alas
618 1802 653 1828 de
686 1801 713 1827 la
756 1802 878 1831 victoria
916 1804 942 1831 al
977 1805 1074 1832 colmo
1110 1804 1145 1830 de
1175 1804 1201 1831 la

335 1838 546 1880 prosperidad.

371 1879 441 1905 Trás
463 1880 538 1903 estas
560 1874 753 1907 alegaciones,
777 1877 870 1909 oyóse
887 1885 922 1901 en
947 1877 1045 1903 medio
1068 1876 1114 1904 del
1138 1877 1199 1901 más

335 1913 482 1951 profundo
503 1910 631 1938 silencio
657 1910 685 1936 el
708 1919 798 1936 suave
822 1912 959 1939 estallido
989 1913 1025 1939 de
1052 1922 1092 1940 un
1114 1914 1198 1939 beso.

337 1951 438 1981 Rafaél
468 1946 639 1975 arrebatado
666 1947 702 1972 de
727 1955 766 1972 un
790 1947 859 1974 loco
885 1948 997 1974 frenesí
1031 1958 1047 1975 v
1084 1950 1120 1975 de
1143 1957 1201 1974 una

338 1985 483 2024 profunda
504 1982 743 2012 conmiseración
766 1991 820 2016 por
840 1985 866 2011 la
885 1985 1095 2012 conformidad
1113 1986 1149 2011 de
1167 1994 1200 2011 su

338 2023 475 2055 adorada,
504 2018 658 2054 imprimió
684 2027 718 2045 en
747 2018 771 2044 la
794 2021 936 2048 nacarada
957 2023 1050 2048 frente
1072 2022 1108 2047 de
1130 2016 1201 2047 Car-

338 2059 466 2087 méncita
493 2065 576 2083 acaso
607 2056 633 2082 el
666 2055 770 2081 último
801 2058 874 2084 sello
909 2057 944 2083 de
972 2067 1054 2084 amor
1087 2067 1144 2093 que
1175 2058 1202 2084 le

338 2098 432 2131 legara
454 2101 490 2120 en
513 2095 573 2119 esta
598 2091 679 2118 vida.

374 2130 491 2167 ¿Quien
513 2131 557 2154 ño
583 2132 612 2153 Se
639 2127 764 2152 hubiera
785 2129 979 2156 enternecido
1007 2130 1033 2155 al
1060 2130 1203 2156 observar

341 2167 428 2203 aquel
454 2163 582 2191 cuadro?
612 2163 670 2188 Ah!
701 2162 838 2190 efímeros
861 2173 960 2198 goces,
987 2166 1105 2198 fugaces
1141 2173 1205 2190 mo¬

341 2206 456 2230 mentos
478 2201 514 2226 de
542 2199 652 2233 placer;
674 2198 760 2224 todas
788 2200 920 2235 aquellas
945 2199 1070 2235 alegrías
1091 2210 1147 2237 que
1163 2200 1205 2226 les

339 2249 387 2266 era
408 2237 483 2264 dado
512 2243 597 2270 gozar
621 2243 656 2260 en
684 2237 782 2260 cortos
805 2236 960 2267 instantes,
986 2246 1024 2263 no
1047 2246 1114 2263 eran
1138 2236 1204 2262 sino

341 2274 482 2309 lúgubres
511 2270 677 2307 presagios,
699 2271 836 2304 preludio
853 2272 889 2299 de
903 2281 964 2299 uno
985 2276 1134 2300 tormenta
1150 2280 1206 2307 que

341 2312 382 2337 les
409 2307 584 2344 aguardaba:
615 2306 641 2332 la
662 2308 848 2339 separación.

471 2344 575 2371 faltaba
591 2350 631 2368 un
650 2345 750 2369 cuarto
771 2343 807 2369 de
827 2345 907 2370 hora.
929 2343 965 2370 EL
974 2353 1042 2371 aura
1056 2343 1207 2370 odorífera

343 2383 379 2408 de
400 2382 426 2408 la
449 2381 543 2407 noche
566 2379 659 2405 mecía
685 2384 880 2406 suavemente
909 2379 951 2406 las
987 2380 1098 2407 anchas
1124 2378 1209 2414 hojas

344 2420 379 2445 de
404 2418 449 2444 los
474 2415 647 2451 platanales.
676 2418 712 2440 La
742 2415 813 2442 luna
847 2425 882 2442 en
917 2425 949 2442 su
986 2419 1088 2443 cuarto
1126 2424 1211 2442 men¬

344 2457 451 2490 guante
473 2453 571 2480 veíase
597 2459 697 2478 surcar
721 2450 762 2477 las
797 2453 1003 2486 aglomeradas
1041 2453 1134 2479 nubes
1163 2452 1211 2478 del

346 2489 475 2517 dilatado
499 2487 618 2522 espacio
639 2494 724 2513 como
745 2495 804 2513 una
842 2496 916 2514 nave
940 2497 998 2523 que
1031 2488 1142 2515 hiende
1169 2487 1211 2513 las

346 2526 540 2559 encrespadas
567 2524 629 2550 olas
650 2523 696 2549 del
718 2531 789 2549 mar.
813 2523 895 2551 Nada
917 2532 949 2550 se
972 2525 1030 2558 oía;
1052 2524 1124 2550 todo
1157 2531 1211 2557 pa¬

347 2562 424 2589 recía
445 2562 576 2596 respetar
605 2560 632 2585 el
650 2559 800 2593 sepulcral
816 2559 943 2586 silencio
966 2569 1024 2595 que
1045 2559 1211 2586 adormecí®

347 2598 373 2624 la
395 2597 564 2624 naturaleza
586 2595 610 2622 si
631 2597 837 2630 esceptuamos
859 2595 886 2622 el
905 2594 1006 2631 lejano
1032 2595 1148 2622 ladrido
1176 2595 1213 2620 de

348 2642 387 2660 un
411 2642 509 2669 perro.

386 2669 479 2696 Nadie
503 2668 627 2696 hubiera
651 2667 751 2694 creído
779 2676 835 2703 que
864 2666 1051 2694 Carmencita
1071 2676 1090 2701 y
1115 2666 1215 2694 Rafael

352 2715 389 2732 no
408 2705 538 2740 gozaban
566 2704 602 2730 de
626 2712 684 2729 una
707 2704 869 2730 verdadera
896 2703 1037 2730 felicidad
1060 2704 1086 2730 al
1116 2703 1211 2730 verles

350 2741 489 2768 sentados
518 2740 622 2775 juntos
646 2748 683 2766 en
707 2747 747 2765 un
777 2738 935 2775 banquillo
965 2739 1082 2766 situado
1111 2747 1147 2765 en
1175 2747 1216 2764 un

352 2777 458 2811 ángulo
485 2775 521 2803 de
544 2774 571 2802 la
596 2778 704 2802 azotea.
728 2775 802 2801 Pero
842 2774 889 2802 ah!
914 2783 953 2801 un
983 2775 1059 2802 cielo
1092 2775 1138 2801 sin
1164 2782 1214 2801 nu.

353 2815 403 2840 bes
430 2819 528 2839 nunca
548 2819 579 2838 es
599 2811 674 2838 dado
702 2811 728 2838 al
751 2811 877 2839 hombre
913 2813 1062 2839 entrever.
1094 2810 1131 2837 Ai
1165 2818 1218 2845 par

353 2858 410 2885 que
445 2847 630 2876 disfrutaban
656 2847 692 2874 de
718 2856 775 2875 una
805 2848 894 2876 dicha
927 2848 1068 2881 inefable,
1102 2847 1215 2874 sentían

353 2885 540 2921 aniquiladas
565 2892 613 2910 sus
641 2884 730 2911 almas
758 2894 815 2920 por
838 2884 866 2911 el
879 2887 972 2911 temor
994 2884 1029 2911 de
1056 2892 1216 2920 separarse.

390 2921 543 2956 —Porqué
570 2928 609 2946 no
636 2920 756 2946 hablas?
781 2931 819 2949 en
845 2922 903 2957 qué
942 2919 1216 2954 piensas?—objetó

354 2958 380 2983 el
409 2956 575 2983 estudiante
597 2955 726 2989 después
755 2956 790 2983 de
816 2967 855 2985 un
879 2958 1032 2984 momento
1059 2957 1094 2982 de
1116 2963 1217 2990 pausa.

390 2991 488 3017 -—Ahí
508 2999 547 3017 no
565 2997 671 3021 parece
700 2991 767 3017 sino
792 3001 850 3026 que
870 3000 907 3026 ya
923 2991 1075 3025 presiento
1089 2991 1116 3016 el
1130 2999 1218 3024 gran¬

358 3028 466 3053 dísimo
490 3025 575 3052 vacío
597 3033 655 3059 que
679 3026 787 3051 sentiré
805 3037 841 3053 en
859 3025 1001 3053 derredor
1014 3028 1074 3052 mío
1092 3025 1218 3058 después

357 3062 394 3087 de
421 3065 452 3087 tu
475 3059 602 3086 marcha.

393 3095 475 3122 —No
489 3098 518 3121 te
534 3095 778 3130 apesadumbres,
791 3097 858 3123 vida
873 3096 941 3129 mía,
957 3103 1014 3130 que
1029 3102 1096 3128 muy
1111 3096 1218 3128 pronto

1284 409 1338 427 nos
1366 399 1555 428 volveremos
1577 400 1590 425 á
1611 404 1672 431 ver;
1702 395 1737 421 de
1763 396 1793 422 lo
1819 394 1971 422 contrario
1999 403 2045 420 me
2066 395 2144 421 obli¬

1283 436 1376 470 garlas
1400 436 1416 460 á
1435 437 1568 464 sostener
1599 429 1651 457 dos
1679 431 1794 458 luchas:
1828 432 1855 456 la
1880 430 2052 464 separatista
2071 440 2089 464 y
2114 431 2147 455 la

1283 470 1371 499 lucha
1394 479 1431 496 su
1449 471 1476 496 la
1496 466 1670 495 conciencia
1698 474 1756 501 que.
1781 475 1812 493 es
1840 466 1900 491 más
1920 465 2054 492 terrible,

1322 506 1445 540 —Bien;
1472 513 1508 538 ya
1528 511 1584 539 que
1605 501 1632 528 el
1657 502 1776 528 destino
1798 506 1825 527 te
1848 502 1967 532 invoca,
1989 503 2069 534 parte
2085 509 2103 535 y
2119 501 2150 525 sé

1285 543 1353 569 feliz
1378 550 1435 574 que
1465 548 1494 566 es
1519 540 1548 566 lo
1575 546 1632 575 que
1657 538 1744 564 desea
1772 541 1802 564 tu
1830 537 1924 572 pobre
1950 535 2091 565 Cármen.

1321 593 1348 600 —
1357 577 1470 614 ¿Cómo
1497 575 1575 603 vivir
1595 572 1674 608 feliz,
1697 572 1781 609 Téjds
1816 573 1864 599 del
1891 574 2003 607 pedazo
2043 572 2079 597 de
2111 571 2151 597 mi

1285 616 1425 651 corazón,
1453 612 1502 639 de!
1530 612 1610 639 ídolo
1637 609 1673 636 de
1700 610 1739 636 mi
1766 610 1853 639 alma,
1880 609 1929 636 del
1947 609 2038 637 único
2062 609 2152 642 sopló

1286 661 1344 689 que
1372 651 1469 679 anima
1501 648 1540 676 mi
1568 645 1745 676 existencia?
1768 646 1804 672 Al
1830 645 1990 677 contrario,
2014 648 2077 671 esta
2106 653 2155 671 se¬

1288 689 1440 724 paración,
1465 685 1541 720 lejos
1566 685 1600 712 de
1628 692 1677 709 ser
1704 683 1837 709 bálsamo
1868 692 1926 718 que
1959 680 2085 715 mitigue
2111 682 2155 707 las

1288 734 1379 762 penas
1400 724 1436 750 de
1455 723 1496 749 mi
1521 722 1607 754 alma,
1628 720 1691 746 será
1709 723 1767 747 úna
1787 721 1852 753 gota
1873 719 1910 746 de
1932 718 1997 745 hiel
2011 725 2069 752 que
2085 717 2153 743 bro¬

1288 763 1346 789 tará
1368 760 1456 787 sobre
1481 759 1509 785 el
1530 758 1603 787 cáliz
1624 756 1660 784 de
1676 757 1702 782 la
1720 763 1871 789 amargura
1887 764 1922 784 en
1941 763 2000 791 que
2016 762 2062 779 me
2081 761 2151 780 rere

1290 797 1457 826 inundado.

1327 834 1359 862 El
1384 833 1458 868 reloj
1486 832 1522 858 de
1551 830 1576 856 la
1601 828 1702 862 iglesia
1728 828 1780 853 dió
1795 827 1837 854 las
1851 836 1927 854 once
1943 835 1962 862 y
1975 835 2024 852 era
2038 826 2064 853 la
2081 825 2157 853 hora

1290 881 1325 899 en
1346 878 1404 907 que
1426 868 1525 897 Rafael
1548 866 1635 893 debía
1658 863 1760 899 partir;
1776 863 1867 899 partir
1879 872 1953 899 para,
1963 862 2068 888 luchar
2081 871 2159 890 con¬

1288 913 1332 936 tra
1347 916 1386 934 un
1400 908 1493 933 tuerte
1507 902 1658 936 enemigo;
1675 900 1767 935 partir
1780 908 1848 935 para
1866 910 1905 927 no
1920 899 2023 926 volver
2035 898 2076 924 tal
2091 906 2157 932 vez,

1290 953 1357 980 para
1381 941 1522 977 despejar
1541 941 1583 967 las
1610 945 1717 971 opacas
1743 936 1859 963 nieblas
1882 944 1940 973 que
1960 935 2086 962 cubrían
2112 934 2156 960 los

1290 980 1462 1009 horizontes
1489 978 1524 1004 de
1545 985 1579 1003 su
1603 974 1691 1000 tierra
1719 971 1806 1000 natal.

1326 1013 1564 1045 —Carmencita!
1589 1010 1655 1038 vida
1683 1009 1750 1035 mía!
1767 1011 1794 1035 te
1808 1008 1888 1044 dejo.
1905 1008 1932 1035 Si
1948 1009 1984 1034 eri
2000 1010 2061 1033 esta
2079 1014 2157 1032 mar¬

1291 1056 1357 1089 cha,
1379 1054 1500 1081 adversa
1532 1060 1577 1079 me
1594 1049 1673 1076 fuera
1692 1046 1719 1073 !a
1753 1049 1861 1081 suerte,
1885 1046 1958 1073 Dios
1984 1049 2013 1072 te
2037 1043 2151 1080 proteja

1291 1103 1328 1119 en
1359 1092 1384 1117 la
1413 1092 1529 1124 fragosa
1550 1086 1641 1115 senda
1662 1084 1698 1110 de
1718 1083 1744 1110 la
1760 1084 1839 1111 vida.

1330 1128 1388 1156 Ahí
1408 1125 1571 1161 imposible
1598 1132 1628 1149 es
1652 1121 1749 1156 pintar
1769 1121 1796 1147 el
1830 1120 1932 1146 estado
1950 1127 1987 1145 en
2034 1126 2091 1153 que
2119 1126 2151 1143 se

1292 1168 1492 1194 encontraron
1507 1160 1641 1197 aquellos
1663 1158 1716 1183 dos
1731 1166 1812 1183 seres
1823 1165 1860 1182 en
1876 1155 1965 1192 aquel
1982 1158 2149 1187 momento;

1294 1210 1422 1238 parecen
1451 1198 1567 1236 pálidos
1580 1196 1667 1224 todos
1680 1194 1728 1220 los
1741 1193 1856 1220 colores
1869 1193 1908 1219 de
1928 1193 1953 1218 ia
1977 1190 2154 1225 expresión.

1295 1239 1373 1274 ¡Qué
1405 1237 1440 1263 de
1474 1241 1608 1268 amargos
1642 1229 1761 1257 llantos!
1790 1231 1858 1266 ¡qué
1893 1231 1929 1256 de
1959 1221 2094 1254 raudales
2123 1227 2159 1252 de

1293 1272 1443 1310 lágrimas!

1329 1308 1465 1338 —Rafael
1498 1306 1617 1334 mío!....
1659 1302 1821 1339 ¡Consuelo
1846 1301 1882 1327 de
1906 1301 1961 1328 mis
1987 1298 2160 1335 penas!.

1294 1346 1450 1374 acuérdate
1471 1344 1541 1371 de...
1566 1346 1633 1368 tu...

1329 1384 1375 1410 No
1409 1381 1487 1416 pudó
1512 1378 1651 1407 articular
1674 1374 1805 1401 Carmen
1829 1374 1856 1399 la
1891 1373 1996 1400 última
2024 1370 2160 1406 palabra,

1294 1430 1328 1448 su
1360 1420 1497 1450 nombre,
1522 1421 1637 1451 porque
1664 1412 1691 1437 el
1715 1409 1808 1437 llanto
1827 1410 1854 1436 le
1875 1410 1970 1443 ahogó
1996 1408 2021 1434 la
2042 1416 2096 1434 voz
2118 1415 2154 1432 en

1297 1458 1324 1484 la
1350 1456 1498 1490 garganta.
1531 1451 1673 1479 Mientras
1705 1449 1788 1473 tanto
1829 1446 1940 1479 Rafael,
1974 1445 2157 1478 estupefacto

1297 1503 1316 1529 y
1340 1501 1396 1519 con
1418 1488 1597 1517 acerbísimo
1626 1492 1724 1520 pesar,
1745 1493 1775 1510 se
1806 1483 1912 1517 separó
1940 1481 1976 1507 de
2003 1479 2058 1507 ella
2085 1488 2143 1506 con

1297 1527 1471 1556 cretándose
1496 1524 1560 1552 solo
1587 1523 1601 1549 á
1625 1518 1757 1554 dirigirla
1778 1528 1836 1546 una
1859 1517 1981 1547 mirada;
2004 1525 2074 1552 pero
2101 1524 2159 1543 una

1300 1566 1412 1593 mirada
1427 1571 1486 1599 que
1505 1557 1665 1588 encerraba
1684 1557 1754 1583 todo
1767 1565 1809 1583 un
1828 1555 1943 1582 mundo
1959 1553 1997 1579 de
2014 1553 2162 1586 tristezas,

1301 1604 1336 1629 de
1363 1599 1549 1635 compasión,
1582 1596 1617 1622 de
1646 1602 1729 1621 amor
1745 1603 1762 1630 y
1787 1592 1823 1619 de
1847 1596 1976 1619 ternura.
2012 1590 2056 1617 No
2079 1589 2161 1623 pudo

1299 1640 1390 1665 llorar
1416 1645 1451 1663 en
1479 1634 1565 1671 aquel
1596 1632 1732 1665 instante,
1762 1638 1875 1665 porque
1903 1629 1944 1656 las
1971 1627 2108 1662 lágrimas
2130 1634 2162 1651 se

1299 1674 1422 1701 fundían
1445 1680 1481 1698 en
1504 1671 1532 1697 el
1551 1667 1640 1699 crisol
1660 1666 1697 1692 de
1728 1675 1762 1694 su
1784 1666 1908 1692 corazón
1930 1665 2012 1690 antes
2043 1663 2079 1688 de
2104 1670 2162 1698 que

1300 1720 1330 1737 se
1355 1709 1560 1736 desbordasen
1582 1711 1636 1739 por
1669 1711 1719 1728 sus
1743 1703 1820 1737 ojos;
1848 1710 1886 1727 no
1925 1701 2009 1734 logró
2042 1705 2162 1732 romper

1299 1755 1349 1773 sus
1369 1746 1474 1781 diques
1494 1743 1522 1769 el
1542 1742 1631 1768 llanto
1656 1747 1716 1773 quo
1736 1738 1763 1764 le
1783 1738 1925 1770 anegaba,
1942 1743 2056 1770 porque
2077 1735 2102 1760 si
2120 1734 2162 1759 las

1300 1790 1388 1818 penas
1416 1780 1463 1807 del
1490 1779 1564 1805 alma
1591 1783 1646 1802 son
1673 1774 1910 1800 excesivamente
1938 1771 2096 1803 violentas,
2123 1777 2162 1794 no

1299 1828 1328 1845 se
1352 1817 1537 1844 manifiestan
1565 1812 1591 1840 al
1623 1811 1751 1837 exterior
1770 1810 1836 1836 sino
1858 1809 1963 1835 dentro
1996 1807 2031 1833 de
2058 1806 2085 1832 la
2116 1813 2164 1832 re¬

1299 1854 1406 1883 ducida
1428 1853 1518 1880 esfera
1539 1851 1575 1877 de
1596 1850 1713 1876 nuestra
1729 1846 1916 1874 conciencia:
1938 1844 1991 1871 allí
2008 1851 2040 1869 es
2059 1841 2163 1868 donde

1299 1900 1328 1917 se
1349 1890 1555 1917 desencadena
1576 1886 1601 1911 la
1634 1884 1710 1909 furia
1732 1883 1780 1909 del
1804 1882 1924 1908 terrible
1959 1879 2090 1906 huracán
2127 1878 2164 1903 de

1298 1929 1340 1954 las
1356 1927 1494 1958 pasiones
1522 1923 1689 1960 ¡Borrascas
1722 1919 1771 1946 del
1806 1917 1892 1944 alma!

1337 1963 1369 1991 El
1385 1961 1571 1998 patriotismo
1594 1956 1674 1992 pudo
1696 1958 1756 1981 más
1773 1963 1832 1990 que
1863 1954 1891 1979 el
1913 1960 2007 1979 amor.

1859 2070 1895 2097 P.
1928 2069 1964 2097 P.
1991 2066 2109 2105 Lópe\.

1573 2237 1597 2261 J
1632 2233 1734 2262 •Tl-.OA

1499 2277 1699 2307 MUNICIPAL
1538 2316 1675 2349 MADRID
1471 2379 1717 2458 REVISTA
1749 2374 2009 2451 POLITICA

1334 2696 1381 2723 LA
1400 2690 1623 2720 CONDUCTA
1644 2680 1866 2716 DE,ESPAÑA
1890 2684 1934 2710 EN
1964 2681 2162 2709 FILIPINAS.

1743 2869 1753 2896 I

1358 2991 1412 3021 No
1427 3000 1461 3022 se
1479 2989 1634 3021 ocultaba
1657 2986 1676 3015 á
1690 2987 1741 3014 los
1755 2982 1828 3022 ojos
1844 2982 1900 3012 del
1914 2981 2040 3010 mundo
2051 2980 2177 3012 entero,

1320 3040 1386 3068 que
1417 3033 1571 3059 nosotros
1600 3026 1790 3055 estábamos
1808 3022 1992 3050 realmente
2006 3025 2087 3053 muy
2102 3017 2179 3044 des¬

1322 3071 1504 3100 contentos
1531 3068 1572 3096 de
1595 3062 1725 3099 España
1743 3060 1881 3090 duranté
1903 3058 1981 3087 todo
1995 3056 2026 3084 el
2049 3055 2179 3090 tiempo
