2480 3507
1118 193 1161 221 La
1188 193 1332 222 Malasia
2051 202 2062 221 i
2073 202 2084 221 i

2043 186 2086 218 11
332 278 374 304 de
403 285 442 305 su
472 276 687 306 dominación
714 285 758 305 en
780 279 917 306 nuestro
942 275 1198 315 Archipiélago,

320 324 402 352 -por
432 317 485 346 las
520 317 663 352 grandes
692 316 965 345 inmoralidades^
988 316 1039 343 de:
1068 323 1106 342 su
1140 324 1198 352 go¬

336 354 456 382 bierno
486 362 507 390 y
530 353 821 389 administración;
847 354 944 382 Estos
970 353 1107 390 pueblos
1131 361 1200 382 ma¬

337 393 446 429 layos,
478 400 518 420 se:
536 392 603 420 han
620 393 755 422 sentido
780 400 844 420 con
867 392 995 420 fuerzas
1011 390 1201 420 suficientes

337 438 476 467 para.no
494 431 717 460 necesitar:de
734 430 1027 460 Ecbérános.en;el
1045 430 1203 467 gobierno

307 480 312 495 ;
336 474 378 497 de
404 477 461 497 sus
497 470 660 498 intereses
699 471 837 507 político
866 468 1150 497 administrativos
1180 478 1201 506 y

339 516 420 545 para
452 508 603 537 marchar
635 509 914 547 tranquilamente
939 506 997 545 en^,
1012 507 1114 535 busca
1148 507 1201 535 del

338 556 389 585 pi.<
402 555 538 586 gicsivo
562 548 895 578 desenvolvimiento
922 547 1029 575 moral
1050 555 1071 584 y
1098 549 1203 575 mate¬

336 588 399 616 rial
422 588 438 616 á
460 596 524 624 que
553 597 589 617 se
617 589 816 618 encaminan
854 587 953 617 todos
978 587 1029 616 los
1060 586 1202 624 pueblos

336 630 490 657 amantes
517 629 558 656 de
578 629 606 656 la
625 629 848 659 civilización.
869 627 913 657 Al
933 628 1143 665 despertarse
1173 628 1202 656 el

337 668 463 705 pueblo
501 668 633 706 filipino
666 671 706 699 de
743 679 783 698 su
819 670 957 706 letargo,
986 668 1029 697 ha
1051 667 1202 697 divisado

336 708 368 736 al
402 706 514 737 través
530 708 584 738 del
605 709 727 747 prisma
756 708 928 738 cristalino
963 708 1004 736 de
1037 715 1094 736 sus
1122 716 1201 744 espe

332 756 462 783 janzas,
487 749 519 776 el
539 752 757 778 maravilloso
775 750 899 778 cuadro
914 749 955 776 de
974 757 1011 776 su
1028 749 1199 784 porvenir,

332 790 507 818 adornado
531 789 576 817 de:
588 789 749 825 purísima
776 790 828 818 luz
852 798 873 827 y
896 788 1021 817 tiernas
1044 787 1202 823 sonrisas;

335 836 434 865 quiso
478 827 651 858 abrazarse
678 830 695 859 ó
724 830 822 867 aquel
856 828 977 857 cuadro
1009 827 1201 866 halagador,

334 875 435 897 como
465 869 490 897 si
515 869 660 905 quisiera
685 874 779 900 tener
804 878 845 899 en
867 877 967 898 mano
991 868 1008 897 á
1033 876 1101 897 una
1127 868 1203 897 her-

308 928 311 938 :
332 916 422 938 mosa
447 908 522 945 flor,
566 910 806 940 arrancándola
847 911 887 938 de
929 918 968 938 su
1008 909 1088 937 tallo
1125 917 1203 945 para

327 956 427 986 gozar
449 947 521 977 más
549 949 783 980 intimamente
814 950 855 978 de
890 957 926 977 su
952 957 1065 977 aroma
1087 956 1201 983 suave;

329 996 385 1025 per
393 996 423 1023 o,
455 1003 457 1014 :
471 987 536 1026 ¡ahí
570 989 599 1017 el
629 991 794 1028 oprimido
829 989 953 1026 pueblo
993 988 1126 1024 filipino
1162 996 1207 1017 no

332 1036 434 1068 pcoia
457 1028 604 1068 realizar,
616 1032 619 1044 ’
634 1031 686 1063 sin
713 1030 816 1063 hacer
855 1028 1147 1062 sobrehumanos-.,
1159 1037 1209 1060 es-

327 1077 338 1100 I
349 1079 462 1099 uerzos
486 1079 540 1100 sus
564 1072 732 1111 legítimas
757 1070 998 1110 aspiracicn.es,
1021 1079 1145 1109 porque
1161 1079 1207 1100 es¬

328 1110 405 1141 taba
437 1114 659 1143 fuertemente
688 1114 922 1147 encadenado;
946 1112 974 1140 la
1006 1111 1128 1148 espada
1153 1112 1208 1140 del

331 1151 473 1188 déspota
493 1177 495 1180 .
509 1153 539 1180 le
572 1154 774 1183 amenazaba
809 1153 913 1191 atajar
949 1161 1007 1181 sus
1044 1161 1143 1189 pasos
1185 1162 1207 1190 y

326 1197 368 1229 af
379 1192 481 1222 listar
504 1193 601 1223 sobre
626 1203 665 1224 su
694 1194 814 1224 cabeza
846 1194 875 1222 el
899 1193 1047 1231 aguzado
1076 1192 1131 1221 filo
1153 1192 1207 1221 del

328 1239 430 1263 acero
470 1240 497 1260 si
534 1240 703 1264 intentara
729 1242 865 1271 romper
883 1234 911 1261 la
943 1233 1030 1262 valla
1057 1241 1120 1269 que
1141 1241 1208 1270 pu¬

326 1280 443 1302 sieran
478 1274 530 1301 los
552 1275 664 1304 frailes
694 1284 736 1304 en
764 1276 793 1304 el
812 1274 945 1302 camino
964 1274 1019 1301 del
1033 1281 1204 1311 progreso;

321 1312 354 1342 el
389 1312 579 1343 monótono
608 1316 706 1345 ruido
735 1316 775 1343 de
807 1314 856 1343 las
886 1314 979 1343 talas
1027 1314 1206 1350 españolas

330 1351 487 1391 allegaba
510 1358 540 1382 la
570 1363 632 1384 voz
663 1357 703 1385 de
732 1356 841 1384 llanto
873 1361 896 1391 y
928 1354 969 1381 de
999 1354 1098 1391 queja
1142 1362 1207 1390 que

337 1401 434 1422 n.um
450 1402 543 1422 urna
573 1396 778 1426 oebilmente
809 1395 840 1424 el
867 1402 1008 1423 corazón
1041 1395 1133 1421 recto
1165 1394 1207 1422 de

332 1442 379 1462 un
414 1434 552 1471 pueblo,
585 1445 648 1474 que
692 1435 787 1475 pedía
827 1435 959 1474 justicia
999 1437 1116 1462 contra
1154 1434 1206 1463 los

333 1475 470 1508 abuses,
489 1478 683 1513 atropellos,
710 1475 968 1507 inmoralidades
990 1483 1010 1512 y
1029 1477 1204 1510 crímenes,

326 1523 395 1553 que
423 1522 587 1547 cometían
635 1518 892 1556 impunemente
934 1515 985 1543 los
1022 1513 1144 1549 frailes,
1176 1513 1207 1542 la

330 1560 469 1594 guardia
511 1558 592 1596 civil
635 1568 652 1596 y
693 1559 740 1587 ios
785 1557 980 1593 empleados
1016 1554 1205 1591 españoles.

335 1594 416 1634 ¡Ab!
453 1598 531 1624 cada
573 1599 711 1635 español
736 1606 790 1626 eia
814 1605 861 1626 un
887 1596 1038 1633 verdugo
1065 1595 1119 1623 del
1142 1594 1206 1624 fili¬

332 1644 429 1673 pino.
453 1638 513 1665 Asi
536 1639 673 1667 estaban
697 1640 744 1667 las
767 1645 863 1666 cosas
885 1637 1017 1664 cuando
1051 1644 1115 1663 con
1136 1634 1207 1664 áni¬

337 1683 393 1704 mo
414 1683 546 1712 sereno,
572 1679 786 1716 resignación
810 1678 852 1704 de
870 1676 993 1711 mártir,
1011 1675 1206 1704 conciencia

338 1723 381 1743 en
408 1715 437 1741 la
466 1716 599 1752 justicia
630 1723 670 1746 de
699 1718 730 1746 la
760 1724 871 1750 causa,
892 1723 957 1752 que
978 1715 1206 1753 persiguieran

335 1764 354 1792 y
390 1762 429 1782 ex
437 1758 519 1783 traer
527 1758 655 1787 diñaría
685 1757 848 1792 decisión,
880 1764 917 1784 se.
950 1754 1019 1783 han
1050 1754 1201 1791 arrojado

327 1795 360 1823 al
390 1804 511 1833 campo
535 1801 690 1827 nuestros
708 1798 859 1836 insignes
883 1796 1130 1832 compatriotas,
1146 1795 1196 1832 pi¬

329 1836 456 1864 diendo
484 1837 513 1864 el
545 1839 829 1868 reconocimiento
851 1837 891 1865 de
915 1844 970 1865 sus
995 1834 1155 1865 derechos
1173 1844 1196 1874 y

331 1878 503 1905 cantando
523 1879 552 1906 el
568 1878 687 1908 himno
712 1879 854 1908 sublime
883 1877 924 1904 de
945 1877 977 1905 la
991 1876 1144 1911 libertad,
1166 1875 1197 1903 al

330 1923 469 1952 compás
498 1917 539 1945 de
558 1919 609 1948 los
639 1921 785 1949 cañones
811 1926 833 1955 y
867 1915 982 1945 fusiles
1011 1915 1195 1953 enemigos,

333 1956 383 1985 sin
407 1965 470 1992 que
499 1957 546 1987 les
571 1959 717 1988 dolieran
741 1959 838 1993 nada,
859 1957 893 1985 ni
916 1957 964 1984 las
980 1955 1197 1994 penalidades

333 1997 374 2024 de
399 1997 426 2024 la
447 2005 575 2036 guerra,
602 2000 638 2028 ni
659 1999 710 2028 los
729 1998 879 2036 peligros
898 1997 914 2024 á
932 2005 997 2033 que
1014 2005 1049 2025 se
1065 2003 1197 2034 expone

334 2035 352 2064 á
373 2044 448 2065 caer
466 2038 497 2065 el
513 2039 604 2068 débil
634 2048 676 2069 en
704 2040 738 2068 la
764 2037 866 2068 lucha
890 2039 1007 2066 contra
1031 2036 1062 2064 el
1078 2036 1195 2066 fuerte.

333 2077 399 2105 Los
421 2077 572 2114 filipinos
596 2079 664 2108 han
687 2078 876 2109 arrostrado
902 2077 995 2110 todo;
1025 2077 1127 2105 desde
1150 2076 1198 2104 las

334 2116 417 2143 altas
436 2125 538 2146 cimas
565 2120 606 2147 de
634 2120 681 2147 ias
699 2119 899 2156 pedregosas
920 2117 1102 2145 montañas
1128 2115 1199 2143 han

331 2155 453 2192 bajado
468 2158 564 2186 miles
582 2159 622 2187 de
640 2157 809 2193 hombres,
828 2156 984 2185 soldados
998 2156 1039 2184 de
1053 2156 1083 2184 la
1098 2155 1199 2183 liber¬

329 2197 399 2230 tad,
426 2204 506 2232 para
528 2196 604 2226 salir
621 2199 652 2226 al
667 2199 854 2226 encuentro
876 2195 917 2223 de
939 2195 992 2223 los
1008 2194 1199 2223 defensores

326 2235 369 2261 de
390 2235 421 2263 la
441 2236 558 2266 tiranía
582 2237 751 2275 española,
773 2236 1033 2265 derramándose
1056 2242 1118 2271 por
1133 2241 1200 2262 una

327 2282 350 2311 y
386 2278 458 2304 otra
488 2282 581 2313 parte
613 2285 733 2315 sangre
766 2285 787 2314 y
812 2274 884 2304 más
913 2283 1042 2311 sangre,
1072 2275 1113 2302 de
1135 2281 1201 2310 que

332 2321 369 2341 se
395 2315 567 2346 formaron
586 2317 637 2346 los
661 2318 727 2346 ríos
756 2317 798 2343 de
825 2317 916 2344 color
940 2315 1013 2352 rojo
1040 2322 1105 2350 que
1130 2320 1201 2341 cer¬

336 2361 448 2382 ner-u
472 2365 532 2393 por
566 2358 618 2386 los
658 2363 794 2392 campos
829 2356 869 2383 de
906 2354 1043 2389 batalla;
1086 2352 1203 2381 siendo

335 2397 499 2425 recuerdo
527 2397 623 2426 triste
652 2398 692 2425 de
712 2397 758 2425 las
786 2402 957 2428 epopeyas
984 2395 1026 2422 de
1049 2393 1202 2421 nuestros

336 2443 497 2472 primeros
523 2435 645 2466 héroes
675 2443 739 2474 que
764 2435 833 2464 han
858 2434 1007 2464 ofrecido
1031 2441 1086 2461 sus
1107 2432 1202 2461 vidas

338 2483 402 2511 por
426 2477 577 2505 alcanzar
602 2477 634 2505 la
664 2475 862 2506 realización
891 2475 931 2502 de
965 2473 1015 2503 los
1049 2472 1157 2501 bellos
1180 2480 1203 2509 y

340 2517 541 2554 grandiosos
568 2516 694 2546 ideales
717 2516 757 2546 de
784 2523 831 2544 un
853 2513 977 2551 pueblo
1008 2511 1202 2542 tiranizado.

747 2723 786 2775 II
315 2922 342 2963 ¿
364 2924 366 2928 '
378 2919 534 2955 bésúñés
553 2925 594 2953 de
611 2933 678 2954 una
694 2922 796 2953 lucha
814 2922 855 2950 de
873 2920 945 2949 diez
958 2926 982 2955 y
999 2917 1063 2946 Seis
1080 2924 1199 2954 meses,

339 2965 483 2997 Bufante
506 2965 555 2994 los
577 2965 688 2994 cuales
714 2959 783 2991 han
817 2958 1011 2989 sucumbido
1044 2954 1203 2985 muchísi-

1299 284 1371 305 mos
1396 275 1540 313 jóvenes
1561 277 1668 305 llenos
1692 277 1731 305 de
1758 275 1869 313 vigor,
1899 273 2027 304 lozanía
2063 286 2084 313 y
2109 285 2158 305 es¬

1300 323 1468 351 peranzas;
1496 315 1636 351 después
1654 316 1693 343 de
1713 318 1822 351 tragar
1833 315 1885 342 las
1904 315 2034 343 tumbas
2062 316 2158 343 miles

1300 354 1348 381 de.
1364 352 1543 382 cadáveres
1578 362 1639 389 que
1673 354 1740 382 han
1768 354 1976 381 encontrado
2012 354 2160 389 sepultu¬

1299 399 1351 419 ras
1376 401 1418 419 en
1450 392 1555 420 sitios,
1574 391 1825 425 desconocidos;
1866 390 2009 426 después
2049 393 2090 420 de
2112 400 2159 421 un

1300 431 1491 466 sangriento
1508 431 1626 458 cuadro
1643 439 1708 467 que
1729 429 1886 466 presentó
1903 430 1938 456 la.
1951 430 2156 465 revolución,

1266 492 1270 496 .
1302 469 1333 496 el
1356 470 1493 505 general
1512 471 1649 505 español
1669 470 1779 498 Primo
1796 470 1836 497 de
1857 467 2157 503 Rivera,¡contem¬

1301 506 1357 544 pló
1385 516 1446 536 con
1472 507 1594 544 alegría
1616 508 1744 544 aquella
1754 506 1869 535 .crítica
1890 506 2064 542 situación,
2082 515 2159 543 para

1303 553 1410 583 poner
1431 556 1474 575 en
1498 547 1641 584 práctica
1661 556 1715 576 sus
1739 547 1912 576 malvados
1932 547 2076 582 deseos,.
2090 556 2163 583 per¬

1301 587 1473 624 judiciales
1501 590 1593 617 tanto
1619 588 1633 616 á
1667 596 1703 617 su
1741 588 1842 625 pobre
1880 587 1985 625 patria
2020 595 2114 616 como
2139 586 2157 616 á

1304 626 1472 664 Filipinas.
1497 626 1698 657 Presentóse
1717 637 1755 656 en
1773 630 1907 657 nuestro
1920 625 2164 665 Archipiélago

1303 676 1366 697 con
1390 668 1537 697 máscara
1560 670 1601 697 de
1624 667 1818 705 hipocresía,
1839 668 2027 706 halagando
2043 668 2071 695 al
2088 667 2159 704 país

1305 716 1367 744 por
1393 708 1505 737 medio
1534 709 1574 737 de
1604 717 1640 737 su
1669 708 1801 746 política
1825 707 1905 737 falsa
1928 709 1970 737 de
1996 707 2166 736 atracción

1304 756 1381 785 para
1400 757 1460 777 ver
1477 750 1506 777 la
1532 757 1663 777 manera
1696 749 1736 776 de
1772 749 1984 785 engañarnos
2009 756 2077 776 una
2104 756 2167 776 vez

1305 787 1385 817 más.
1416 789 1558 819 Entablé
1580 789 1693 818 Primo
1729 789 1769 816 de
1801 787 1922 817 Rivera
1960 795 2028 816 una
2059 796 2167 825 nego¬

1306 828 1436 858 ciación
1467 833 1545 858 ante
1572 829 1622 859 los
1646 827 1933 858 revolucionarios
1960 827 1976 856 á
2006 827 2101 856 favor
2125 828 2166 856 de

1305 869 1334 897 la
1369 878 1441 906 paz,
1473 871 1607 899 ansiada
1644 871 1737 898 tanto
1775 876 1837 905 por
1871 869 1922 897 los
1952 875 2037 896 unos
2071 876 2166 897 como

1305 917 1367 946 por
1394 910 1442 938 los
1474 912 1576 947 otros,
1610 908 1759 949 ¡bendita
1786 909 1815 937 la
1840 908 1910 945 paz!
1937 907 2101 937 Bastaban
2124 917 2168 946 ya

1306 957 1383 986 para
1405 950 1524 986 probar
1547 951 1595 978 las
1611 949 1774 987 legitimas
1801 948 2025 985 aspiraciones
2054 948 2093 976 de
2120 956 2166 978 un

1309 989 1447 1025 pueblo,
1468 991 1515 1018 las
1539 993 1701 1019 torrentes
1721 990 1761 1018 de
1785 996 1901 1025 sangie
1928 995 1994 1023 que
2010 987 2077 1016 han
2098 995 2167 1017 cor¬

1308 1029 1380 1059 rido
1404 1037 1445 1060 en
1489 1031 1537 1060 los
1573 1037 1709 1068 campos
1747 1028 1787 1059 de
1827 1028 1959 1067 Rabile,
2003 1028 2164 1067 Bulaban,

1250 1071 1483 1110 ^¿Satangas,
1508 1073 1627 1102 Nueva
1651 1072 1751 1110 Fulja,
1776 1070 1892 1108 Rapis.
1923 1070 2131 1109 Dumaguete
2145 1079 2166 1109 y

1309 1115 1395 1141 otras
1419 1114 1611 1150 provincias
1639 1114 1720 1147 más;
1741 1112 1898 1140 bastaban
1929 1120 1969 1149 ya
1992 1119 2066 1148 para
2090 1118 2167 1139 con¬

1308 1162 1436 1182 vencer
1471 1152 1489 1182 á
1515 1154 1564 1182 los
1590 1154 1767 1191 españoles
1810 1161 1922 1180 acerca
1952 1153 1992 1179 de
2015 1155 2168 1179 nuestros

1307 1194 1433 1230 deseos,
1464 1195 1491 1223 lá
1523 1195 1675 1223 decisión
1707 1192 1888 1222 admirable
1909 1200 1930 1230 y
1955 1194 1985 1220 el
2013 1191 2105 1220 valor
2125 1192 2168 1219 le¬

1307 1234 1468 1272 gendario
1493 1243 1557 1264 con
1596 1243 1660 1272 que
1701 1242 1737 1263 se
1770 1232 1836 1262 han
1875 1232 2077 1269 presentado
2119 1232 2169 1260 los

1308 1275 1471 1311 primeros
1486 1275 1636 1304 mártires
1651 1276 1691 1303 de
1709 1275 1737 1302 la
1754 1272 1962 1308 revolución,
1980 1280 2043 1307 que
2060 1279 2122 1300 con
2139 1272 2171 1300 la

1308 1315 1437 1344 sonrisa
1466 1323 1508 1344 en
1532 1316 1581 1344 los
1608 1315 1725 1351 labios,
1751 1313 1826 1342 iban
1851 1313 1866 1341 á
1891 1313 2010 1349 perder
2032 1320 2070 1340 su
2092 1312 2170 1340 vida

1307 1363 1347 1383 en
1372 1355 1403 1383 el
1438 1364 1556 1393 campo
1585 1356 1625 1384 de
1663 1353 1917 1393 Bagumbayan,
1955 1352 2107 1389 cayendo
2142 1352 2171 1379 al

1308 1394 1498 1424 cruelísimo
1525 1404 1586 1424 son
1618 1396 1657 1425 de
1679 1396 1732 1424 los
1762 1393 1956 1424 miserables
1981 1391 2095 1420 fusiles
2130 1392 2171 1421 de

1308 1435 1358 1464 los
1391 1434 1549 1472 déspotas
1571 1445 1636 1473 que
1660 1435 1856 1473 disparatan
1890 1433 1938 1461 sin
1968 1431 2172 1460 ruborizarse

1307 1477 1423 1504 contra
1446 1477 1594 1512 aquellos
1619 1476 1820 1509 indefensos,
1838 1474 2081 1512 injustamente
2099 1479 2171 1500 sen¬

1303 1517 1493 1545 tenciados.
1528 1517 1562 1545 El
1586 1517 1719 1554 general
1736 1515 1846 1544 Primo
1870 1516 1910 1541 de
1929 1512 2050 1542 Rivera
2076 1511 2171 1547 quiso

1308 1557 1510 1585 entenderse
1537 1566 1600 1585 con
1627 1557 1678 1585 los
1699 1554 1918 1594 prohombres
1953 1554 1994 1581 de
2022 1552 2052 1580 la
2075 1560 2170 1580 revo-

1262 1607 1265 1622 ¡
1307 1596 1432 1632 lucion;
1466 1596 1591 1626 mandó
1633 1596 1804 1626 emisarios
1846 1602 1922 1632 para
1956 1592 2104 1623 solicitar
2129 1592 2170 1620 de

1308 1637 1504 1675 Aguinaldo
1530 1639 1561 1666 la
1594 1646 1664 1673 paz,
1690 1638 1765 1675 bajo
1802 1637 1850 1664 las
1889 1633 2107 1663 condiciones
2129 1632 2170 1660 de

1308 1677 1483 1706 satisfacer
1522 1679 1569 1706 los
1609 1679 1727 1706 deseos
1767 1677 1822 1704 del
1864 1673 1986 1711 pueblo
2022 1672 2168 1708 filipino,

1308 1717 1427 1745 deseos
1452 1725 1518 1754 que
1545 1716 1611 1745 han
1642 1716 1830 1754 impulsado
1859 1714 1876 1742 á
1904 1713 1954 1741 los
1982 1711 2128 1748 filipinos
2151 1711 2167 1740 á

1303 1758 1453 1786 lanzarse
1497 1756 1528 1785 al
1568 1765 1697 1793 campo,
1749 1755 1849 1784 desde
1890 1753 1938 1782 las
1980 1752 2086 1780 lomas
2126 1750 2168 1779 de

1301 1798 1478 1828 Ralookan
1502 1797 1597 1827 hasta
1625 1797 1672 1826 las
1701 1796 1896 1826 escabrosas
1924 1793 2101 1822 montañas
2127 1791 2169 1819 de

1297 1837 1533 1868 Biak-na-bató
1589 1846 1629 1867 en
1686 1845 1751 1874 que
1801 1844 1838 1864 se
1884 1833 2165 1862 reconcentraron

1265 1883 1268 1900 !
1297 1880 1347 1908 los
1372 1878 1577 1915 principales
1598 1877 1683 1915 jefes
1718 1884 1796 1914 para
1827 1875 1953 1904 formar
1980 1873 2012 1900 la
2035 1870 2165 1899 consti¬

1296 1919 1412 1949 tución
1441 1927 1503 1956 por
1543 1926 1608 1954 que
1646 1917 1778 1945 debiera
1814 1915 1934 1953 regirse
1970 1920 2051 1949 para
2093 1908 2165 1939 más

1297 1959 1452 1990 adelante
1481 1957 1611 1995 aquella
1638 1955 1880 1989 insurrección;
1913 1952 1968 1981 allí
1990 1960 2033 1980 en
2064 1951 2165 1979 Biak-

1297 1998 1447 2034 na-bató,
1475 1998 1596 2027 fueron
1624 1996 1864 2035 sorprendidos
1894 1994 1945 2022 los
1973 1991 2163 2020 revolucio¬

1298 2040 1406 2069 narios
1435 2047 1495 2076 por
1529 2039 1579 2068 los
1619 2036 1870 2067 comisionados
1908 2035 1948 2062 de
1978 2031 2089 2060 Primo
2121 2030 2162 2059 de

1297 2080 1418 2110 Rivera
1436 2087 1517 2116 para
1547 2079 1708 2107 interesar
1731 2075 1786 2105 del
1815 2075 1865 2105 Sr.
1895 2072 2091 2112 Aguinaldo
2114 2079 2160 2099 un

1298 2120 1423 2157 arreglo
1447 2118 1616 2148 amistoso.

1702 2550 1750 2578 III

1344 2787 1458 2816 Primo
1481 2785 1524 2813 de
1551 2782 1676 2812 Rivera
1699 2780 1827 2809 obtuvo
1860 2779 1954 2807 buen
1989 2776 2079 2805 éxito
2115 2783 2158 2803 en

1306 2836 1362 2858 sus
1405 2829 1661 2863 negociaciones
1710 2827 1772 2849 con
1813 2816 1843 2846 el
1883 2816 2020 2857 ejército
2061 2814 2162 2845 liber¬

1306 2868 1397 2898 tador
1426 2876 1448 2906 y
1479 2864 1528 2894 así
1555 2860 1732 2899 consiguió
1761 2859 1870 2889 firmar
1904 2866 1968 2887 con
1997 2857 2047 2885 los
2070 2853 2163 2893 prin¬

1307 2908 1432 2946 cipales
1474 2903 1560 2944 jefes
1592 2904 1631 2932 de
1679 2901 1713 2929 la
1752 2898 1954 2929 revolución
1998 2897 2029 2926 el
2076 2892 2163 2923 céle¬

1306 2950 1378 2985 bre,,
1389 2948 1505 2985 pactó.
1517 2944 1557 2974 de
1596 2936 1840 2970 Biák-na-bató.
1877 2939 1928 2968 No
1966 2945 2018 2966 me
2049 2937 2163 2964 atrevo
