2480 3507
355 274 375 304 6

1105 262 1150 290 La
1180 258 1323 288 Malasia

469 379 974 438 M. H. DEL PILAR
372 472 563 501 Publicamos
588 479 624 497 en
654 470 679 495 ia
717 468 845 503 primera
879 465 967 500 plana
1000 461 1028 490 el
1058 463 1163 489 retrato

300 510 336 538 dé
356 511 417 536 este
445 508 564 541 insigne
580 505 704 541 patricio
728 503 860 537 filipino,
872 500 1012 527 fallecido
1037 506 1075 524 en
1096 497 1165 523 Bar¬

298 546 403 573 celona
425 541 453 570 el
477 541 493 577 4
522 543 559 574 de
579 541 660 572 Julio
685 540 723 567 de
748 539 827 574 1896.

370 580 500 608 Marcelo
525 578 641 606 Hilario
665 575 711 603 del
740 574 819 602 Pilar
845 583 863 609 y
894 570 1091 604 Gat-Máitan,
1108 574 1165 603 que

303 618 398 653 figuró
422 618 505 643 entre
526 615 570 642 los
599 613 743 649 primeros
778 617 958 645 campeones
991 615 1048 642 que
1072 614 1109 632 en
1139 602 1167 629 la

302 653 465 689 Metrópoli
492 659 525 678 se
538 649 713 678 levantaron'
735 655 772 675 en
798 653 943 684 generosa
959 642 1082 670 cruzada
1096 647 1168 667 con¬

304 697 344 720 tra
365 691 408 716 los
434 690 543 715 abusos
567 697 586 723 y
617 688 773 713 desmanes
808 684 857 711 del
888 681 1047 708 Gobierno
1070 687 1106 714 y-
1117 675 1169 703 ad¬

306 726 515 756 ministración,
534 723 692 762 españoles
713 731 748 749 en
777 724 853 747 estas
874 718 954 752 islas,
978 717 1027 743 fuó
1057 722 1117 742 uno
1132 711 1170 738 de

305 766 350 791 los
371 760 510 798 políticos
545 760 606 786 más
640 758 808 785 eminentes
841 756 879 782 de
910 753 1054 788 Filipinas
1084 759 1104 786 y
1135 756 1169 774 su

309 799 436 828 nombre
457 799 488 823 s‘e
511 794 715 828 pronunciará
748 794 884 827 siempre-
906 799 962 815 con
994 785 1173 814 veneración

307 846 325 872 y
358 833 487 871 gratitud
510 840 563 861 por
585 832 627 858 las
648 831 860 865 generaciones
884 828 1021 863 presente
1041 832 1060 859 y
1089 820 1176 851 veni¬

310 873 404 899 deras.

384 906 429 934 No
457 913 486 931 es
515 903 633 939 posible
663 903 765 930 relatar
785 910 822 928 en
853 903 927 927 estas
948 898 1043 926 lineas
1069 894 1113 922 los
1131 893 1179 920 in¬

312 942 499 971 numerables
519 939 651 974 trabajos
677 939 819 975 políticos
842 933 975 964 llevados
995 935 1010 959 á
1029 933 1102 960 cabo
1120 937 1178 965 por

313 981 342 1007 el
368 977 523 1014 personaje
550 985 607 1012 que
642 985 695 1003 nos
733 981 837 1009 ocupa;
871 971 1114 998 necesitaríamos
1140 966 1176 992 de

314 1017 376 1044 inás
404 1021 522 1050 espacio
549 1013 596 1039 del
614 1020 676 1048 que
698 1020 752 1040 nos
778 1019 808 1036 es
840 1006 1000 1045 permitido
1023 1006 1176 1041 disponer.

316 1065 319 1071 ■
339 1053 342 1059 '
385 1052 412 1080 A
431 1053 508 1079 fines
539 1053 576 1077 de
602 1049 737 1078 Octubre
764 1049 799 1076 de
828 1046 906 1081 1888,
934 1043 1052 1072 cuando
1076 1049 1180 1077 empe¬

317 1090 409 1117 zaban
432 1091 446 1115 á
468 1093 584 1116 notarse
612 1088 658 1114 los
685 1087 828 1122 primeros
852 1085 996 1112 síntomas
1031 1081 1066 1109 de
1092 1086 1178 1115 gene'

315 1127 357 1154 ral
391 1126 529 1152 malestar
553 1133 587 1150 en
611 1124 636 1150 el
660 1124 733 1158 país,
753 1120 920 1149 motivados
946 1118 993 1145 sin
1027 1117 1105 1145 duda
1124 1122 1181 1151 por

315 1163 344 1189 el
368 1162 481 1189 fracaso
503 1159 540 1187 de
564 1161 592 1186 la
619 1160 744 1187 llamada
779 1156 996 1193 manifestación
1013 1152 1060 1181 del
1081 1151 1120 1180 88
1122 1172 1127 1187 ,
1161 1159 1182 1186 y

317 1198 389 1225 todo
412 1195 585 1234 presagiaba
608 1206 663 1224 una
692 1204 738 1223 era
769 1194 805 1221 de
830 1191 1061 1229 persecuciones
1080 1190 1180 1218 contra

318 1236 363 1262 los
389 1243 446 1270 que
468 1229 662 1267 significaban
689 1233 752 1267 algo
771 1241 805 1257 en
829 1231 855 1257 el
880 1229 954 1263 país,
970 1227 1040 1255 bien
1063 1234 1110 1254 sea
1130 1231 1182 1260 por

318 1280 353 1298 su
380 1273 502 1303 talento,
523 1269 592 1295 bien
612 1277 667 1304 por
686 1277 721 1296 su
741 1267 859 1301 dinero,
878 1265 936 1292 Del
962 1263 1052 1298 Pilar,
1074 1270 1132 1298 que
1145 1268 1182 1296 ya

320 1317 351 1333 se
383 1307 470 1334 habla
501 1304 611 1332 atraído
638 1307 680 1332 las
707 1304 864 1339 antipatías
894 1302 929 1328 de
970 1300 1094 1334 algunos
1124 1298 1184 1324 ele¬

322 1348 437 1370 mentos
464 1340 660 1376 retrógrados,
699 1350 730 1368 se
760 1339 882 1367 decidió
913 1337 1088 1365 trasladarse
1116 1336 1130 1361 á
1156 1333 1183 1358 la

321 1379 494 1414 Metrópoli,
527 1380 563 1405 de
589 1378 719 1405 acuerdo
745 1386 802 1403 con
839 1377 961 1410 algunas
995 1369 1186 1408 significadas

325 1415 482 1443 entidades
509 1414 651 1450 filipinas,
680 1422 735 1441 con
757 1412 783 1439 el
810 1412 849 1438 fin
878 1411 914 1437 de
938 1410 1060 1436 recabar
1091 1406 1186 1435 délos

325 1453 453 1488 poderes
486 1451 625 1484 públicos
655 1451 690 1477 de
719 1451 832 1485 España
858 1448 900 1475 las
935 1446 1098 1473 libertadas
1130 1450 1188 1478 que

328 1489 492 1515 reclamaba
513 1488 539 1513 la
566 1487 683 1514 marcha
705 1485 875 1522 progresiva
895 1483 944 1510 del
962 1480 1188 1517 Archipiélago.

399 1524 593 1550 Permaneció
621 1524 745 1558 algunos
761 1523 824 1548 días
846 1529 883 1547 en
904 1519 1098 1554 Hong-kong,
1114 1523 1191 1543 mar¬

328 1560 479 1588 chándose
500 1561 629 1594 después
656 1568 723 1593 para
753 1559 925 1592 Barcelona,
941 1558 957 1582 á
986 1556 1088 1582 donde
1112 1552 1191 1586 llegó

328 1598 356 1624 el
384 1603 419 1624 1,°
447 1598 484 1623 de
508 1597 602 1624 Enero
624 1598 671 1624 del
693 1596 738 1632 89.

399 1634 496 1660 Desde
510 1640 656 1660 entonces
674 1642 711 1659 no
727 1632 871 1659 descansó
893 1638 932 1656 un
949 1629 1011 1655 solo
1029 1626 1193 1657 momento,

332 1670 376 1696 sin
399 1677 456 1705 que
479 1669 614 1696 hicieran
638 1670 722 1696 mella
747 1677 783 1694 en
800 1667 825 1694 el
840 1667 886 1693 los
906 1664 1087 1692 desalientos
1101 1670 1122 1698 y
1141 1669 1196 1697 pe¬

333 1708 459 1741 ripecias
488 1707 502 1731 á
523 1714 580 1741 que
601 1711 661 1732 esta
688 1704 781 1738 sujeta
813 1702 838 1729 la
867 1701 1033 1728 errabunda
1068 1699 1134 1726 vida
1160 1697 1195 1722 de

331 1750 371 1768 un
398 1741 554 1777 proscrito.
581 1741 645 1768 Con
676 1743 701 1766 el
723 1738 931 1774 pensamiento
955 1736 1007 1773 fijo
1033 1745 1070 1762 en
1092 1743 1124 1761 su
1147 1732 1198 1760 Pa¬

334 1779 387 1804 tria
412 1779 520 1808 nativa,
559 1778 657 1812 siguió
690 1775 876 1811 trabajando,
905 1771 1082 1807 trabajando
1116 1770 1198 1795 hasta

333 1814 535 1843 sucumbir..,.
564 1814 663 1841 Puede
689 1812 801 1838 decirse
819 1818 878 1847 que
898 1809 987 1836 todos
1016 1816 1065 1834 sus
1091 1813 1199 1842 pensa¬

331 1849 471 1884 mientos,
487 1856 544 1884 que
559 1851 645 1877 todos
661 1857 710 1875 sus
725 1847 869 1883 suspiros,
886 1854 955 1872 eran
971 1853 1041 1881 para
1055 1841 1199 1877 Filipinas

327 1895 346 1921 y
358 1894 413 1921 por
422 1885 577 1920 Filipinas.

404 1922 442 1949 Al
465 1921 539 1948 cabo
568 1924 604 1950 de
632 1923 755 1957 algunos
783 1926 878 1946 meses
895 1918 931 1944 de
949 1925 982 1943 su
1012 1914 1142 1941 estancia
1164 1921 1199 1939 en

336 1957 450 1992 España
476 1957 587 1994 dirigió
611 1960 637 1985 el
660 1954 857 1995 quincenario
884 1954 924 1979 La
945 1950 1136 1979 Solidaridad.

407 1993 526 2028 Namng
529 2017 536 2029 ,
560 1999 587 2021 el
601 2004 659 2030 que
678 1995 728 2021 fué
750 2001 784 2019 su
801 1989 992 2024 inseparable
1007 1988 1202 2022 compañero,

336 2030 465 2057 escribió
484 2031 519 2058 de
549 2031 585 2064 él,
602 2040 640 2057 no
662 2032 698 2058 há
715 2029 836 2060 mucho,
857 2025 893 2053 en
907 2025 947 2052 La
968 2021 1192 2060 Independencia
1195 2040 1203 2055 ,

338 2071 414 2092 estas
449 2069 594 2101 palabras,
621 2076 678 2102 que
706 2066 871 2095 encierran,
887 2063 901 2088 á
931 2064 1050 2088 nuestro
1072 2066 1203 2094 parecer,

339 2108 443 2129 exacto
457 2103 554 2136 juicio
587 2110 690 2129 acerca
706 2104 741 2129 de
757 2102 798 2126 las
813 2100 900 2126 obras
915 2098 952 2123 de
975 2101 1039 2124 este
1053 2095 1205 2122 eminente

340 2137 472 2173 filipino:
493 2139 790 2173 «_propagandista
821 2134 1003 2167 incansable,
1026 2132 1140 2159 curtido
1167 2137 1205 2154 en

340 2176 384 2198 las
412 2175 516 2200 luchas
543 2176 693 2207 políticas,
718 2170 899 2199 formidable
916 2178 953 2196 en
980 2170 1026 2194 los
1049 2171 1169 2202 ataques
1187 2173 1207 2198 y

344 2217 380 2234 en
409 2210 450 2234 las
480 2209 610 2241 defensa,
640 2215 753 2235 certero
777 2216 812 2232 en
837 2214 885 2232 sus
899 2205 1005 2239 golpes
1033 2202 1069 2229 de
1095 2202 1207 2237 pluma,

346 2246 594 2279 inquebrantable
627 2254 661 2272 en
687 2253 735 2271 sus
767 2245 965 2276 argumentos,
988 2248 1063 2274 cuyo
1085 2239 1171 2264 saber
1190 2245 1208 2271 y

343 2287 491 2315 poderosa
512 2282 703 2316 inteligencia
723 2288 792 2305 eran
814 2278 989 2313 respetados
1011 2275 1094 2301 hasta
1115 2274 1151 2299 de
1164 2272 1209 2297 los

344 2323 466 2341 mismos
493 2318 648 2352 enemigos
669 2318 684 2343 á
711 2316 837 2352 quienes
859 2315 1004 2339 derrotara
1025 2312 1087 2337 más
1100 2309 1136 2336 de
1151 2316 1208 2334 una

346 2360 399 2377 vez
421 2360 457 2377 en
484 2354 608 2388 pacifica
635 2353 677 2379 lid
705 2353 752 2378 del
778 2348 1019 2384 pensamiento.»

416 2390 554 2416 n-scribió
582 2388 693 2415 mucho
718 2396 756 2414 en
782 2386 903 2412 defensa
931 2383 968 2410 de
995 2383 1039 2409 los
1064 2378 1209 2408 derechos

346 2424 396 2448 del
422 2425 534 2459 pueblo
562 2426 693 2460 filipino;
720 2433 752 2450 su
769 2422 849 2458 larga
868 2421 883 2447 é
900 2422 1052 2447 incesante
1068 2420 1209 2452 campaña

334 2468 383 2485 -en
411 2463 451 2488 Air
487 2461 671 2489 Solidaridad
696 2458 793 2486 revela
818 2458 952 2493 perfecto
986 2454 1210 2482 conocimiento

347 2496 383 2520 ds
402 2497 448 2523 los
475 2498 567 2524 niales
591 2507 648 2533 que
666 2494 834 2531 aquejaban
855 2494 882 2519 a!
908 2493 983 2527 país.
1004 2491 1076 2517 Para
1090 2491 1211 2514 demos¬

347 2535 406 2557 trar
428 2534 454 2558 la
477 2534 592 2560 funesta
612 2530 818 2559 intervención
848 2529 883 2554 de
916 2529 942 2554 la
969 2525 1152 2553 frailocracia
1174 2531 1210 2549 en

349 2568 376 2591 el
402 2569 546 2602 gobierno
585 2578 603 2604 y
638 2564 885 2594 administración
907 2564 957 2590 del
985 2561 1209 2597 Archipiélago,

350 2603 400 2628 dio
419 2608 433 2631 á
470 2606 499 2632 la
519 2604 694 2640 publicidad
713 2611 748 2630 su
774 2602 955 2628 interesante
977 2597 1093 2629 folleto.
1103 2596 1143 2624 La
1161 2595 1212 2621 So¬

351 2641 473 2667 beranía'
488 2641 616 2668 inunacai
635 2649 667 2668 en
694 2639 852 2676 Filipinas,
868 2646 904 2663 en
926 2635 953 2662 el
976 2635 1054 2670 cual,
1087 2633 1213 2667 despúes

352 2675 389 2702 de
418 2679 570 2704 examinar
588 2678 616 2704 la
639 2675 773 2704 cuestión
797 2675 834 2699 de
856 2673 902 2699 los
920 2671 1022 2698 frailes
1044 2679 1080 2698 en
1108 2678 1142 2695 su
1168 2676 1214 2694 as¬

351 2717 440 2745 pecto
461 2711 597 2747 político,
636 2712 775 2746 religioso
807 2717 828 2744 y
853 2708 1044 2742 económico,
1069 2704 1214 2738 concluye

353 2755 411 2781 por
433 2749 550 2776 afirmar
579 2753 635 2786 qtie
661 2748 686 2774 la
711 2742 970 2783 preponderancia
998 2745 1035 2770 de
1063 2741 1107 2768 las
1127 2739 1216 2766 insti¬

353 2788 493 2811 tuciones
517 2784 696 2812 monásticas
723 2790 758 2807 en
783 2783 902 2808 nuestro
929 2780 994 2814 país
1026 2787 1057 2804 es
1081 2778 1118 2803 de
1140 2775 1215 2801 todo

352 2820 449 2853 púntó
479 2817 656 2857 perjudicial
677 2826 744 2855 para
769 2816 895 2853 España,
918 2821 1058 2851 es—-para
1080 2812 1217 2840 valernos

353 2859 392 2881 ’<le
413 2858 455 2884 las
480 2859 600 2885 mismas
614 2858 749 2893 palabras
764 2854 800 2881 de
813 2864 853 2881 un
869 2852 1015 2880 detractor
1038 2847 1217 2885 suyo-ralgó

355 2894 399 2918 así
419 2903 508 2921 como
532 2895 560 2921 él
573 2894 706 2929 "vinagre
737 2899 806 2927 para
826 2890 856 2917 la
875 2888 974 2916 leché,
1061 2888 1063 2915 .
1088 2888 1092 2900 !
1128 2910 1135 2914 .

394 2939 398 2946 '
431 2929 565 2957 Escribió
599 2929 730 2955 también
746 2936 804 2955 una
826 2927 964 2953 hermosa
988 2923 1108 2950 defensa
1132 2920 1169 2946 de
1175 2915 1177 2926 !
1192 2919 1219 2944 la

358 2964 619 3000 primera'nóvela
640 2966 675 2990 de
689 2963 773 2991 Rizal
800 2970 857 2989 con
875 2963 902 2987 el
922 2958 1009 2986 título
1035 2957 1075 2984 El
1092 2956 1165 2984 Noi.í
1187 2956 1221 2980 ¡ííe

360 3006 484 3027 tangeré
508 3003 571 3025 ante
589 3000 618 3027 el
629 2998 693 3025 odio
711 2996 840 3026 Monacal
855 2996 889 3022 dé
907 2995 1054 3029 Filipinas
1074 3001 1092 3026 y
1115 2993 1222 3016 núme¬

363 3044 396 3061 ro
402 3044 449 3061 sos
471 3036 588 3061 folletos
609 3043 645 3059 en
668 3034 782 3068 tagalog
801 3040 855 3058 con
881 3031 908 3056 el
920 3030 1022 3063 objeto
1044 3027 1079 3053 dé
1103 3019 1223 3051 ¡Comba¬

1258 342 1297 368 tir
1323 341 1350 367 el
1375 339 1536 366 fanatismo
1561 337 1702 369 religioso
1725 343 1783 371 que
1806 334 1894 362 había
1910 333 2024 359 echado
2045 332 2124 356 hon¬

1261 377 1312 402 das
1335 375 1428 401 raíces
1450 382 1485 400 en
1507 374 1612 399 ciertas
1629 372 1720 397 clases
1746 371 1794 396 del
1815 371 1889 401 páís,
1912 367 2032 394 merced
2047 368 2064 391 á’
2083 365 2125 391 iás

1262 410 1489 445 predicaciones
1524 407 1560 433 de
1593 407 1636 432 los
1657 404 1758 431 frailes
1781 413 1801 437 y
1838 406 1851 429 á
1878 397 1904 428 la
1938 400 2124 436 prop‘ganda

1264 450 1320 480 que
1336 445 1415 471 éstos
1445 442 1650 477 emprendían,
1677 449 1712 466 en
1740 440 1765 465 la
1789 446 1845 473 que
1885 439 1967 463 tanto
2000 446 2030 462 se
2066 435 2130 461 dis¬

1262 481 1379 515 tinguió
1405 480 1433 506 el
1455 477 1591 513 agustino
1615 477 1659 502 Fr.
1674 475 1742 505 José
1767 473 1945 507 Rodríguez,
1965 480 2003 498 en
2034 471 2126 506 quien

1265 525 1304 543 no
1331 524 1361 541 se
1384 514 1454 541 sabe
1477 512 1542 541 cuál
1567 511 1694 539 admirar
1713 510 1785 543 más,
1819 508 1843 534 si
1866 510 1892 534 la
1914 506 2085 542 ignorancia
2110 506 2129 529 ó

1265 553 1293 579 la
1315 551 1469 578 candidez.

1338 587 1375 614 Ai
1402 589 1485 615 decir
1499 585 1536 611 de
1549 590 1610 611 uno
1633 582 1670 610 de
1689 582 1734 608 los
1750 581 1811 608 más
1841 578 2002 606 acérrimos
2015 578 2135 605 detrac¬

1268 627 1347 650 tores
1375 624 1410 650 de
1435 624 1480 650 los
1496 622 1642 657 filipinos,
1671 627 1727 654 que
1749 618 1839 644 tanto'
1858 616 1892 643 ha
1914 615 2028 642 venido
2044 619 2127 640 com¬

1268 661 1410 688 batiendo
1430 660 1474 686 las
1487 660 1568 685 ideas
1590 656 1716 685 vertidas
1729 654 1764 681 en
1780 654 1819 680 La
1838 652 2023 679 Solidaridad
2026 673 2031 685 ,
2052 651 2133 678 Mar¬

1269 697 1335 723 celo
1365 696 1404 723 H.
1426 696 1474 724 del
1500 695 1579 722 Pilar
1600 703 1639 720 no
1663 692 1821 728 profesaba
1835 689 1907 715 odio
1922 690 1936 714 á
1955 689 1986 714 lo
2006 687 2132 723 español

1271 738 1308 759 eti
1336 736 1395 759 este
1418 734 1491 767 país;
1522 739 1593 765 pero
1616 732 1641 757 sí
1663 729 1689 754 al
1715 727 1806 753 órden
1832 727 1868 751 de
1884 733 1966 750 cosas
1983 725 2041 760 qué
2062 724 2132 759 aquí

1274 768 1387 796 existía.
1413 768 1551 803 Empero,
1567 774 1635 802 para
1652 766 1679 791 el
1697 763 1817 798 general
1841 762 1961 792 Blanco,
1979 757 2032 787 Del
2056 759 2138 785 Pilar

1274 814 1323 831 era
1342 806 1369 830 el
1392 804 1558 830 Verdadero
1584 802 1675 829 verbo
1711 800 1759 826 del
1780 797 1974 834 separatismo
1999 795 2138 829 filipino,

1276 841 1411 877 superior
1447 850 1481 867 en
1515 843 1578 868 esto
1606 838 1659 865 mil
1688 843 1774 864 veces
1795 837 1809 861 á
1826 833 1917 861 Rizal.

1346 877 1518 904 Conocidas
1539 885 1592 904 son
1615 876 1652 902 de
1674 873 1763 900 todos
1789 871 1829 897 las
1856 870 1954 897 trabas
1973 874 2134 905 que’opu¬

1274 914 1374 942 sieron
1388 914 1435 940 los
1449 914 1617 940 elementos
1638 909 1822 943 retrógrados
1838 906 1884 933 del
1908 907 1972 941 país
1987 913 2000 931 a
2022 905 2047 930 la
2065 911 2139 938 pro¬

1277 951 1409 986 paganda
1427 950 1462 976 de
1485 949 1628 977 Marcelo.
1655 947 1741 981 Llegó
1763 945 1776 971 á
1794 943 1999 970 considerarse
2020 948 2054 966 en
2071 939 2138 966 Ma¬

1277 987 1336 1014 nila
1369 994 1452 1014 como
1480 994 1519 1013 un
1547 981 1749 1011 contrabando
1786 981 1826 1006 La
1850 976 2042 1005 Solidaridad.
2067 976 2138 1002 Esto

1277 1022 1356 1061 aquí.
1387 1022 1430 1051 En
1459 1023 1574 1060 España
1597 1019 1744 1049 fundaron
1768 1017 1811 1043 los
1832 1015 1930 1042 frailes
1951 1022 1990 1040 un
2008 1013 2136 1048 quince¬

1280 1062 1378 1097 nario,
1400 1062 1626 1097 expresamente
1661 1066 1730 1093 para
1746 1053 1897 1083 combatir
1929 1051 1954 1079 al
1972 1051 2007 1078 de
2029 1051 2072 1078 los
2100 1049 2143 1077 fi¬

1275 1098 1399 1134 lipinos.

1316 1134 1444 1171 Aquella
1475 1133 1609 1169 pertinaz
1646 1130 1802 1164 campaña,
1833 1127 1857 1154 si
1899 1134 1937 1152 no
1973 1122 2135 1157 consiguió

1281 1173 1340 1198 casi
1362 1171 1436 1198 nada
1470 1172 1505 1198 de
1529 1170 1577 1196 los
1603 1167 1729 1203 poderes
1750 1164 1890 1200 públicos
1923 1162 1959 1189 de
1981 1161 2007 1187 la
2024 1159 2143 1187 Metró¬

1281 1207 1355 1244 poli,
1380 1217 1417 1234 en
1441 1206 1559 1234 cambio
1581 1204 1684 1232 ilustró
1705 1200 1889 1230 muchísimo
1910 1199 1936 1225 a!
1952 1199 2025 1233 país,
2045 1195 2138 1227 justi¬

1281 1244 1349 1276 fica,
1374 1245 1502 1276 además,
1520 1243 1547 1269 la
1570 1242 1716 1269 conducta
1744 1237 1892 1274 posterior
1917 1236 1953 1262 de
1984 1235 2029 1260 los
2050 1232 2140 1267 filipi¬

1283 1289 1350 1315 nos;
1376 1289 1406 1307 se
1444 1283 1583 1314 agotaron
1604 1286 1640 1312 ya
1662 1277 1748 1302 todos
1772 1274 1818 1300 los
1841 1279 1976 1299 recursos
1989 1268 2141 1305 pacíficos:

1281 1320 1310 1344 la
1331 1319 1460 1351 protesta
1481 1315 1600 1343 armada
1621 1323 1652 1340 se
1672 1312 1819 1347 imponía.

1320 1355 1373 1380 Del
1393 1353 1482 1386 Pilar,
1518 1361 1593 1383 cuyo
1622 1350 1735 1377 talento
1757 1345 1910 1383 perspicaz
1933 1352 1964 1370 se
1985 1341 2081 1369 revela
2106 1347 2143 1366 en

1285 1390 1313 1416 la
1337 1389 1550 1417 clarividencia
1571 1396 1629 1423 que
1647 1385 1839 1420 resplandece
1860 1390 1897 1407 en
1920 1383 2004 1407 todos
2029 1386 2077 1404 sus
2098 1385 2145 1403 es¬

1287 1426 1387 1458 critos,
1421 1427 1540 1461 preveía
1572 1425 1618 1451 los
1657 1418 1922 1449 acontecimientos
1952 1423 2010 1450 que
2041 1422 2103 1439 mes
2124 1422 2143 1447 y

1288 1463 1387 1489 medio
1410 1462 1537 1496 después
1558 1461 1593 1487 de
1609 1468 1641 1485 su
1668 1460 1780 1485 muerte
1804 1462 1834 1481 se
1862 1451 2081 1479 desarrollaron
2106 1457 2146 1475 en

1289 1501 1347 1526 esta
1372 1507 1403 1526 su
1427 1499 1553 1525 adorada
1581 1496 1687 1524 Patria;
1711 1491 1825 1527 trabajó
1851 1490 1879 1516 !o
1904 1486 2017 1515 indech
2029 1486 2058 1514 le
2078 1493 2148 1520 para

1290 1535 1443 1568 evitarlos,
1473 1534 1639 1562 recabando
1665 1532 1714 1558 del
1742 1528 1901 1556 Gobierno
1919 1525 2042 1559 español
2066 1523 2149 1557 algu¬

1291 1580 1344 1598 nas
1370 1571 1532 1599 libertades
1552 1578 1620 1605 para
1642 1568 1800 1602 Filipinas;
1825 1571 1896 1599 pero
1933 1561 2056 1595 España,
2071 1558 2148 1593 lejos

1292 1610 1328 1636 de
1348 1612 1434 1636 tener
1457 1617 1492 1635 en
1518 1608 1622 1634 cuenta
1648 1605 1691 1631 las
1718 1603 1810 1638 justas
1835 1610 1853 1636 y
1873 1597 2011 1634 pacíficas
2027 1596 2151 1622 deman¬

1294 1648 1344 1672 das
1364 1645 1400 1671 de
1426 1646 1471 1671 los
1492 1644 1635 1679 filipinos,
1659 1651 1690 1667 se
1714 1640 1782 1667 hizo
1809 1634 1948 1664 solidaria
1970 1636 2005 1659 de
2030 1633 2074 1660 ios
2091 1639 2149 1667 que

1294 1689 1349 1708 nos
1363 1682 1510 1716 oprimían
1531 1689 1549 1716 y
1567 1687 1620 1706 nos
1640 1677 1818 1704 insultaban.
1846 1672 1892 1699 No
1911 1670 2035 1697 hubiera
2055 1667 2151 1694 hecho

1295 1717 1383 1744 oídos
1419 1718 1455 1743 de
1487 1716 1639 1743 mercader
1672 1714 1783 1748 España
1806 1712 1821 1736 á
1859 1702 1992 1743 aquellas
2028 1705 2154 1730 deman¬

1296 1754 1347 1779 das
1371 1753 1386 1779 é
1420 1751 1685 1780 indudablemente
1718 1756 1756 1773 no
1792 1744 1940 1772 hubieran
1975 1739 2150 1767 acontecido

1295 1789 1343 1816 los
1377 1789 1561 1825 sangrientos
1599 1792 1721 1814 sucesos
1756 1783 1792 1810 de
1829 1783 1909 1808 estos
1942 1778 1997 1804 dos
2034 1775 2162 1803 últimos-

1297 1827 1379 1853 años.
1400 1825 1476 1853 Pero
1498 1826 1580 1860 pudo
1605 1823 1667 1848 más
1689 1830 1725 1847 en
1754 1819 1809 1847 élla
1836 1826 1870 1844 su
1898 1814 1955 1842 mal
1988 1811 2156 1840 entendido

1298 1861 1415 1896 orgullo
1441 1860 1591 1894 nacional,
1617 1866 1703 1886 causa
1722 1867 1743 1893 y
1768 1855 1870 1889 origen
1888 1853 1924 1880 de
1938 1859 1971 1877 su
1993 1849 2087 1876 actual
2102 1847 2157 1874 do-

1299 1899 1396 1925 lorosa
1418 1897 1579 1925 situación.
1607 1894 1652 1921 No
1668 1893 1754 1928 quiso
1775 1892 1865 1918 deber
1881 1886 2008 1924 gratitud
2022 1886 2037 1911 á
2056 1884 2102 1910 los
2122 1883 2159 1909 fi¬

1299 1936 1427 1969 lipinos;
1448 1934 1570 1968 prefirió
1595 1940 1643 1959 ser
1666 1927 1828 1964 despojada
1850 1926 1982 1952 violenta
1995 1930 2014 1957 y
2029 1929 2158 1955 vergon¬

1301 1973 1467 1999 zosamente
1491 1970 1525 1997 de
1548 1978 1581 1996 su
1603 1968 1741 1995 inmenso
1763 1963 1887 1999 poderío
1912 1957 2045 1986 colonial
2070 1965 2105 1982 en
2132 1957 2160 1983 el

1305 2008 1440 2034 Extremo
1461 2006 1597 2033 Oriente.
1619 2003 1690 2039 ¡Ella
1704 2000 1765 2027 sola
1780 2000 1860 2025 tiene
1873 1998 1901 2024 la
1919 1993 2015 2030 culpa!

1338 2043 1472 2078 «España
1491 2042 1657 2069 solamente
1685 2036 1860 2064 conservará
1875 2032 2019 2067 Filipinas
2039 2037 2092 2055 con
2116 2028 2163 2055 los

1303 2079 1448 2115 filipinos;
1464 2079 1509 2105 sin
1532 2078 1576 2104 los
1599 2075 1733 2111 filipinos
1754 2071 1932 2107 imposible»
1939 2066 2055 2093 —decía
2072 2065 2164 2091 siem¬

1306 2125 1357 2151 pre
1379 2116 1405 2142 el
1429 2114 1591 2150 publicista
1607 2111 1769 2140 bulakeño.

1343 2152 1480 2185 Después
1506 2151 1542 2176 de
1568 2157 1628 2176 una
1648 2149 1727 2180 larga
1752 2145 1769 2170 é
1784 2144 1938 2170 incesante
1963 2138 2105 2172 campaña
2126 2136 2165 2161 de

1307 2189 1369 2213 más
1394 2188 1428 2211 de
1449 2188 1500 2212 dos
1518 2186 1638 2218 lustros^
1660 2182 1695 2209 de
1710 2183 1736 2207 la
1758 2188 1816 2216 que
1831 2178 1896 2205 sólo
1922 2173 2050 2201 cosechó
2071 2180 2167 2198 amar¬

1310 2231 1361 2256 gos
1384 2222 1581 2256 desengaños,
1604 2219 1719 2246 cuando
1744 2225 1775 2242 se
1791 2213 1932 2249 disponía
1958 2211 1972 2235 á
2000 2215 2133 2242 regresar
2151 2207 2166 2232 á

1309 2258 1452 2293 Filipinas
1469 2259 1485 2284 ó
1500 2257 1674 2283 trasladarse
1690 2255 1704 2279 á
1725 2253 1830 2287 alguna
1852 2251 1888 2275 de
1908 2248 1950 2273 las
1966 2244 2101 2270 colonias
2116 2251 2167 2268 ve¬

1309 2295 1402 2325 cinas,
1420 2294 1447 2320 le
1467 2292 1648 2327 sorprendió
1673 2290 1698 2317 la
1725 2291 1839 2315 muerte
1875 2293 1910 2310 en
1939 2280 2112 2312 Barcelona,
2141 2277 2168 2303 el

1309 2340 1326 2365 4
1348 2330 1384 2356 de
1398 2329 1479 2360 Julio
1501 2329 1548 2356 del
1566 2328 1613 2364 96,
1629 2326 1729 2353 Murió
1744 2326 1759 2350 á
1774 2324 1800 2349 la
1815 2321 1889 2347 edad
1903 2320 1940 2345 de
1957 2318 1992 2352 48
2008 2319 2093 2342 años.

1346 2366 1383 2393 La
1418 2370 1533 2393 muerte
1555 2365 1590 2390 de
1623 2360 1753 2389 Marcelo
1782 2358 1844 2384 será
1870 2364 1910 2383 un
1944 2352 2032 2381 duelo
2064 2353 2171 2376 eterno

1309 2411 1381 2440 para
1409 2402 1567 2437 Filipinas;
1588 2399 1679 2434 jamás
1705 2398 1731 2424 la
1752 2396 1928 2422 lloraremos
1953 2389 2097 2417 bastante.

1482 2544 1533 2605 V
1538 2543 1591 2602 A
1596 2530 2003 2601 RIEDADES

1336 2673 1401 2703 NO
1407 2671 1503 2704 LITE
1532 2665 1747 2697 TANGERE
1768 2661 1812 2691 C!
1822 2661 1863 2690 IR
1872 2656 2004 2689 iSTOS
2028 2653 2154 2684 MEOS

1553 2753 1691 2792 (ESCENAS
1721 2755 1759 2776 DE
1785 2740 1937 2779 ANTAÑO.)
2077 2743 2152 2768 .--úiq

1567 2816 1626 2847 .A.
1637 2814 1687 2844 los
1710 2805 1947 2845 hermanosJ,
1963 2814 1989 2843 y
2004 2804 2040 2843 J,
2069 2802 2116 2834 O-

1358 2897 1471 2929 Había
1485 2904 1553 2925 una
1565 2894 1606 2923 de
1622 2888 1769 2928 aquellas
1793 2886 1920 2915 buenas
1949 2881 2089 2912 señoras
2104 2884 2186 2915 que,

1318 2935 1593 2977 religiosamente
1609 2932 1748 2963 astutas,
1770 2925 1894 2955 viendo
1918 2930 1984 2959 que
2017 2928 2061 2949 no
2087 2915 2187 2946 había

1313 2980 1392 3008 •otra
1407 2984 1486 3006 cosa
1512 2983 1553 3003 en
1576 2972 1606 3001 el
1632 2969 1772 3001 mundo,
1790 2961 1908 2993 dió-en
1937 2956 2125 2998 que-había
2143 2956 2185 2983 de

1314 3016 1373 3046 Ver
1387 3020 1465 3046 Cura
1479 3014 1510 3043 él
1525 3014 1651 3050 pedazo
1672 3008 1717 3038 de
1733 3010 1795 3034 stis,
1806 3004 1973 3035 entrañas,
2002 2996 2120 3027 siendo
2140 2993 2194 3021 fe-
