2480 3507
371 279 390 307 8

1113 276 1155 303 La
1185 273 1327 302 Malasía

310 372 390 394 vora
417 362 549 400 mojada
571 363 645 391 toda
676 363 707 390 la
728 362 870 398 teología
883 369 905 397 y
941 359 1084 388 filosofía
1112 360 1166 388 ucl

310 404 436 432 mundo
468 402 599 429 cuando
623 409 658 428 se
684 408 752 428 ven
769 407 857 429 unos
897 406 1052 434 cuerpos,
1082 406 1166 426 unas

310 443 455 474 caderas,
487 448 568 469 unas
597 438 719 467 formas
754 440 809 469 tan
839 446 916 474 para
964 438 1166 472 enloquecer

310 487 402 509 como
424 480 473 508 los
492 488 559 514 que
581 480 679 515 tengo
706 476 724 505 á
752 478 783 506 la
809 477 906 506 vista.
929 477 982 505 No
1005 474 1070 511 hay
1102 484 1166 511 que

308 519 442 549 olvidar
467 527 532 556 que
557 519 588 546 la
612 517 717 553 mujer
739 524 773 545 es
796 520 911 553 estopa
924 524 946 553 y
968 515 1000 543 el
1027 514 1167 542 hombre

309 559 409 598 fuego
428 567 448 595 y
471 557 605 587 cuando
629 557 660 585 el
679 556 790 585 diablo
818 556 919 585 viene
938 563 960 592 y
985 555 1090 591 sopla,
1121 553 1167 582 fo¬

309 603 384 639 gata
408 599 438 628 al
460 600 568 627 canto.
597 597 661 626 Por
675 599 760 626 estas
789 604 926 626 razones
952 605 972 633 y
988 596 1077 625 otras
1101 603 1167 632 que

310 648 362 670 me
384 647 531 675 reservo,
552 639 658 676 estoy,
678 644 824 674 masque
839 645 904 666 con
920 636 952 666 V
969 658 977 669 ,
995 634 1168 665 conforme

314 689 379 710 con
404 679 449 709 mi
464 682 582 718 tocayo
604 678 645 707 de
672 677 801 713 hábito,
828 677 923 714 Fray
946 675 1076 705 Candil
1103 684 1168 713 que

314 722 389 750 dice
417 729 480 758 que
505 720 539 748 lo
568 727 632 756 que
663 718 693 746 al
710 717 852 746 hombre
882 718 1063 747 entontece
1092 724 1112 753 y
1138 717 1169 744 le

314 761 407 799 quita
428 759 462 788 el
496 767 619 794 pensar
651 757 891 796 empujándole
917 757 935 786 á
962 757 1044 786 todo
1072 755 1171 793 linaje

315 803 356 830 de
384 800 514 828 locuras
538 806 596 827 «es
614 798 646 827 el
666 806 766 831 amor,
801 797 833 826 el
861 805 951 826 amor
980 807 998 826 o
1003 805 1018 826 a
1025 804 1108 823 puno
1130 797 1171 823 de

312 839 515 870 redondeces
541 839 681 868 blancas
720 848 739 874 y
775 838 885 872 duras,
918 846 983 875 que
1015 835 1172 866 tiemblan

314 888 412 910 como
454 879 485 908 la
515 879 594 917 hoja
623 887 664 907 en
701 879 730 907 el
760 878 852 908 árbol
884 886 903 915 y
937 886 971 907 se
997 879 1173 906 retuercen

313 920 632 950 convulsivamente
649 919 681 947 al
697 920 852 948 contacto
868 918 908 947 de
926 926 994 947 una
1010 916 1094 946 boca
1127 915 1175 944 fe¬

313 959 379 990 bril
418 968 441 997 y
480 960 497 988 á
531 959 563 988 la
598 958 756 995 opresión
798 957 977 995 epiléptica
1020 957 1061 985 de
1088 964 1173 985 unos

315 1002 430 1031 brazos
454 998 621 1028 varoniles
639 1009 658 1026 »

358 1041 405 1079 Si,
425 1050 518 1080 pues,
549 1049 603 1070 eso
621 1040 757 1080 empuja
786 1037 802 1070 á
830 1037 911 1069 todo
938 1037 1038 1078 linaje
1063 1037 1103 1067 de
1129 1035 1177 1067 lo¬

316 1091 411 1113 curas
441 1091 461 1121 y
488 1083 518 1111 la
541 1083 657 1112 locura
683 1091 718 1111 es
750 1080 999 1118 irresponsable
1014 1079 1054 1108 de
1085 1079 1174 1112 todo;

316 1125 361 1153 mi
392 1124 587 1153 reverencia
616 1131 680 1161 que
722 1122 811 1151 tiene
836 1122 994 1149 avenates
1023 1119 1064 1147 de
1102 1120 1177 1148 loco

315 1172 376 1202 por
398 1172 452 1193 ese
476 1166 642 1200 respecto,
662 1163 732 1192 será
755 1159 902 1192 también
931 1160 1178 1198 irresponsable

314 1205 359 1234 de
383 1207 508 1233 cuanto
525 1203 613 1243 haga
636 1202 734 1232 sobre
752 1202 783 1231 el
803 1200 991 1239 particular,
1008 1199 1179 1238 pudiendo

319 1245 486 1274 tumbarse
515 1253 577 1273 con
616 1245 690 1273 toda
726 1241 956 1279 tranquilidad
996 1248 1093 1270 como
1132 1249 1179 1269 un

318 1287 462 1323 borrego
492 1293 532 1313 en
570 1284 599 1313 el
627 1291 725 1312 surco
756 1282 810 1312 del
839 1290 933 1310 amor
960 1289 1104 1320 pagano,
1129 1290 1181 1310 se¬

321 1332 404 1364 guro
445 1325 486 1353 de
530 1324 560 1353 la
603 1321 923 1360 irresponsabilidad
966 1321 1123 1358 paladina
1159 1329 1182 1358 y

317 1365 442 1395 abierta
471 1364 503 1393 al
530 1362 800 1394 entendimiento
841 1362 881 1391 de
911 1362 993 1391 todo
1031 1370 1085 1390 ser
1115 1369 1180 1397 que

319 1406 449 1443 piensa.
486 1404 548 1433 Por
567 1405 692 1440 donde,
716 1405 747 1432 el
773 1410 851 1433 caso
884 1401 941 1430 del
970 1403 1005 1431 P.
1039 1401 1183 1438 Enrique

320 1454 365 1474 no
393 1453 427 1473 es
457 1444 527 1474 más
561 1452 628 1482 que
650 1453 718 1473 una
744 1442 939 1473 infelicidad
957 1443 998 1471 de
1015 1450 1059 1470 un
1079 1443 1182 1478 pobre

319 1484 470 1515 hombre.
488 1485 570 1521 ¿Por
584 1483 648 1522 qué
665 1493 710 1513 no
736 1493 771 1513 se
793 1482 902 1520 arrojó
927 1482 1035 1520 pecho
1053 1482 1080 1511 al
1101 1490 1186 1520 agua

318 1525 519 1555 declarando
541 1534 578 1554 su
600 1533 694 1554 amor
709 1525 723 1553 á
748 1526 834 1554 doña
859 1524 942 1552 Luz?
966 1524 1028 1551 Por
1044 1531 1110 1560 que
1131 1531 1185 1550 era

321 1574 366 1595 un
398 1566 564 1602 timorato,
594 1573 641 1594 un
663 1564 776 1594 infeliz
793 1573 857 1603 que
877 1564 957 1592 bien
983 1572 1018 1593 se
1042 1562 1186 1592 merecía

324 1608 355 1636 lo
387 1614 449 1644 que
482 1606 514 1635 le
542 1605 641 1636 había
682 1605 817 1644 pasado.
854 1605 971 1643 ¡Morir
1008 1611 1107 1632 como
1138 1612 1185 1632 un

323 1649 427 1682 tonto,
457 1654 516 1675 eso
550 1654 594 1675 no
622 1647 654 1674 le
683 1655 762 1683 pasa
793 1646 809 1675 á
839 1646 964 1682 ningún
1005 1643 1099 1672 fraile
1128 1652 1186 1672 au¬

321 1686 449 1716 téntico
478 1695 521 1714 en
549 1685 723 1723 Filipinas!

1303 357 1379 386 Cou
1428 358 1515 386 estas
1564 364 1744 391 cosicosas,
1787 355 1935 384 acallaba
1974 356 2025 383 los
2059 363 2125 392 gri¬

1262 398 1315 424 tos
1342 396 1383 424 de
1407 403 1444 423 su
1468 395 1664 423 conciencia
1690 403 1711 432 y
1738 403 1772 422 se
1799 394 1950 432 arrojaba
1977 393 2128 422 resuelto

1263 434 1371 470 pecho
1400 434 1430 462 al
1455 441 1550 470 agua,
1581 441 1678 462 como
1703 432 1733 460 él
1755 431 1859 468 decía,
1885 432 2046 461 viviendo
2068 432 2133 460 im¬

1265 481 1348 509 puro
1374 481 1397 510 y
1426 474 1647 508 torpemente.

1305 512 1335 541 Y
1355 511 1416 547 así,
1436 511 1618 540 volviendo
1642 510 1658 539 á
1674 512 1806 539 nuestra
1822 507 2006 545 narración,
2025 517 2131 538 cuan¬

1266 552 1310 581 do
1341 552 1421 580 todo
1454 559 1498 589 ya
1528 550 1598 579 está
1621 559 1662 579 en
1684 549 1776 579 buen
1808 550 1913 578 orden
1942 551 1982 578 de
2009 549 2132 578 batalla

1267 601 1288 631 y
1315 592 1443 629 tiempo
1459 599 1493 620 es
1510 599 1554 628 ya
1575 591 1616 620 de
1633 591 1720 628 picar
1740 590 1787 620 las
1811 589 1938 619 flancos
1956 589 2132 628 enemigos

1266 642 1287 672 y
1314 641 1353 662 su
1383 631 1575 662 reverencia
1604 639 1647 660 no
1674 631 1783 668 puede
1811 631 1977 660 contener
2001 630 2032 658 el
2069 630 2132 658 ím¬

1268 677 1349 710 petu
1371 672 1566 707 batallador,
1592 679 1630 701 su
1656 671 1848 701 reverencia
1872 678 1948 700 saca
1970 670 2016 699 las
2037 670 2134 699 niñas

1268 714 1310 742 de
1339 714 1390 742 los
1416 713 1564 751 colegios
1600 720 1678 749 para
1713 710 1760 740 así
1794 718 1896 750 coger
1930 710 1972 738 de
2001 709 2135 747 aquella

1349 752 1761 789 ..alegre
1774 752 1961 789 primavera

1351 794 1384 822 el
1397 793 1496 822 dulce
1509 792 1598 821 fruto
1610 794 1705 820 antes
1718 800 1781 826 que
1794 792 1825 820 el
1838 793 1964 827 tiempo
1979 789 2094 818 airado

1353 833 1454 863 cubra
1470 833 1512 861 de
1529 833 1627 861 nieve
1641 833 1673 862 la
1687 831 1827 861 fermosa
1841 831 2017 862 cumbre...

1313 913 1539 944 Difícilmente
1562 920 1608 940 un
1647 911 1754 949 pintor
1792 920 1854 941 nos
1875 909 1963 942 daría
1991 919 2038 939 un
2053 917 2131 939 cua¬

1274 957 1333 983 dro
1363 958 1420 982 tan
1458 952 1615 981 hermoso
1646 960 1740 981 como
1768 953 1800 980 el
1826 961 1889 989 que
1919 950 2049 980 forman
2065 950 2128 979 dos

1274 993 1294 1023 ó
1307 997 1371 1022 tres
1386 994 1484 1022 niñas
1498 992 1611 1021 recíen
1629 991 1749 1021 salidas
1764 992 1818 1020 del
1833 991 1963 1028 colegio
1990 998 2010 1027 y
2024 989 2136 1018 reuni¬

1275 1034 1332 1065 das
1360 1043 1403 1065 en
1425 1032 1647 1065 familiaridad
1682 1032 1836 1063 cristiana
1872 1039 1938 1063 con
1972 1038 2010 1062 su
2041 1037 2137 1061 reve¬

1275 1076 1387 1106 rencia
1410 1085 1453 1105 en
1479 1084 1523 1105 un
1549 1075 1657 1113 lujoso
1675 1083 1697 1112 y
1721 1075 1927 1111 voluptuoso
1951 1073 2078 1102 recinto
2094 1072 2137 1101 de

1275 1127 1316 1147 su
1346 1119 1529 1146 convento.
1558 1115 1733 1153 Apiñadas
1757 1115 1776 1144 ó
1804 1114 2063 1153 desperdigadas
2093 1120 2135 1141 en

1276 1160 1327 1186 los
1350 1158 1500 1193 sillones,
1523 1157 1555 1184 el
1576 1156 1741 1194 conjunto
1757 1155 1910 1185 formaba
1924 1155 2067 1191 siempre
2089 1161 2135 1182 un

1276 1198 1403 1227 cuadro
1426 1198 1641 1231 interesante,
1660 1196 1875 1233 prestándole
1899 1203 1995 1225 acaso
2018 1200 2137 1231 mayor

1277 1240 1422 1267 encanto
1447 1238 1477 1266 el
1501 1235 1686 1266 deshabillé
1708 1245 1749 1265 en
1766 1246 1828 1273 que
1852 1235 1960 1266 solían
1982 1232 2137 1264 hallarse.

1280 1278 1421 1308 Muchas
1437 1285 1536 1307 veces
1559 1287 1596 1306 se
1618 1276 1824 1313 conjuraban
1846 1278 1958 1306 contra
1982 1276 2014 1303 el
2037 1275 2141 1312 padre

1279 1318 1545 1358 agolpándosele
1557 1318 1662 1347 todas.
1679 1316 1757 1346 Una
1774 1326 1807 1346 se
1820 1317 1850 1346 le
1865 1315 1957 1347 subía
1972 1314 2140 1344 haciendo

1280 1360 1320 1388 de
1345 1367 1401 1388 sus
1427 1358 1565 1388 afilados
1588 1357 1691 1386 dedos
1716 1357 1828 1394 pinzas
1859 1365 1939 1394 para
1971 1355 2063 1393 cojer
2087 1355 2141 1383 los

1281 1399 1507 1436 encrespados
1528 1398 1677 1427 cabellos
1699 1397 1753 1425 del
1768 1406 1855 1433 cura,
1869 1398 1911 1426 de
1924 1398 2064 1425 castaño
2087 1403 2142 1424 co¬

1282 1441 1342 1475 lor;
1368 1442 1439 1469 otra
1468 1438 1637 1468 haciendo
1671 1437 1711 1466 de
1751 1437 1783 1466 la
1814 1445 1916 1474 panza
1946 1437 2000 1464 del
2039 1436 2142 1472 padre

1283 1480 1415 1509 tambor
1441 1480 1470 1508 le
1501 1479 1585 1508 daba
1607 1478 1778 1507 cariñosos
1798 1477 1986 1515 golpecitos
2012 1484 2075 1504 con
2090 1476 2143 1504 los

1286 1521 1444 1555 nudillos;
1482 1522 1554 1548 otra
1590 1518 1717 1557 pegaba
1753 1526 1801 1547 un
1829 1517 1950 1547 brinco
1985 1515 2001 1543 á
2029 1515 2077 1544 fin
2101 1515 2143 1544 de

1283 1561 1428 1598 aplastar
1449 1568 1496 1590 un
1519 1566 1703 1597 merengue
1737 1559 1833 1587 sobre
1867 1559 1898 1588 la
1929 1565 2010 1586 cosa
2045 1563 2144 1594 aque¬

1285 1602 1328 1631 lla
1352 1610 1392 1630 en
1417 1600 1525 1630 forma
1549 1601 1590 1629 de
1619 1598 1756 1629 circuito
1788 1607 1851 1636 que
1873 1597 1964 1629 tenía
1989 1597 2088 1626 sobre
2111 1595 2143 1624 el

1287 1643 1409 1670 cráneo
1437 1650 1476 1670 su
1512 1638 1720 1669 reverencia.
1750 1639 1781 1667 Y
1812 1639 1907 1669 todas
1947 1636 2146 1666 haciéndole

1287 1682 1346 1710 mil
1371 1680 1540 1710 monerías
1563 1688 1628 1716 que
1651 1680 1680 1708 le
1696 1678 1854 1707 cortaban
1879 1680 1910 1708 la
1936 1674 2146 1714 respiración
