2480 3507
433 309 447 332 4

1173 296 1216 323 La
1246 296 1385 324 Malasia

363 385 1227 415 nante era procurar el bienestar del Estado
367 424 463 453 única
479 432 500 461 y
523 423 814 452 exclusivamente
839 423 858 451 ó
887 423 1064 451 distraerse
1090 430 1154 449 con
1174 422 1234 449 dos

365 472 460 492 cosas
488 470 567 500 muy
595 461 773 490 diferentes
790 470 855 490 con
886 470 1032 498 mengua
1050 462 1089 489 de
1109 460 1231 492 ambas;

364 511 384 539 y
414 503 437 531 si
464 500 533 530 aún
565 502 651 529 dado
675 501 706 528 el
728 509 803 528 caso
824 502 865 529 de
890 502 1067 537 adoptarse
1090 499 1231 536 religión

363 542 604 576 determinada,
634 540 709 568 cuál
733 539 832 569 había
845 541 885 568 de
905 549 957 569 ser
974 538 1079 577 según
1104 540 1135 567 la
1157 547 1236 568 con¬

363 583 545 612 veniencia
571 580 626 609 del
643 580 765 608 Estado
780 580 923 618 Filipino
946 589 988 608 en
1003 582 1033 608 el
1054 588 1129 616 que,
1154 587 1235 608 con¬

362 625 463 653 tando
482 631 547 651 con
572 623 619 650 las
648 621 727 649 islas
744 622 784 648 de
811 620 896 657 soló,
920 621 1114 649 Mindanaw
1131 628 1151 657 y
1177 621 1232 648 de¬

362 666 431 694 más
446 662 649 698 rancherías,
693 660 832 691 existían
858 662 993 690 muchas
1023 671 1044 699 y
1074 660 1232 690 distintas

360 705 544 743 religiones
583 703 634 732 En
669 702 717 730 los
746 702 883 731 debates
922 710 957 730 se
991 701 1066 731 hizo
1098 701 1174 730 toda
1203 701 1233 729 la

362 747 412 774 luz
434 743 617 778 necesaria,
647 741 728 770 bien
750 751 816 778 que
858 750 922 770 con
955 742 1093 770 distinto
1132 741 1232 769 brillo

362 794 403 814 en
434 786 485 813 los
515 784 576 812 dos
604 783 736 812 bandos
764 784 936 819 opuestos.

402 825 561 854 Mientras
587 824 616 852 la
640 823 680 851 de
698 821 749 850 los
765 831 828 859 que
847 823 994 859 optaban
1027 830 1088 859 por
1110 822 1141 850 la
1162 822 1233 850 uni¬

359 866 422 894 dad
464 865 606 893 brillaba
636 871 702 891 con
734 863 764 890 el
795 862 954 891 siniestro
983 862 1093 900 fulgor
1126 862 1166 890 de
1201 863 1232 890 la

361 911 411 935 tea
438 907 480 934 de
508 905 579 942 fray
605 904 753 933 Lorenzo
783 911 826 931 en
858 904 970 931 medio
996 903 1036 931 de
1070 903 1118 931 las
1144 910 1231 931 som¬

359 948 432 975 bras
462 946 502 974 de
537 944 569 973 la
600 942 723 978 noche,
766 952 807 971 en
849 945 879 972 el
915 943 1057 981 sagrado
1096 943 1226 971 recinto

356 986 466 1015 donde
494 983 590 1022 yacía
614 984 645 1012 la
668 984 836 1021 angelical
859 984 980 1020 Julieta
1011 992 1075 1011 con
1114 992 1150 1011 su
1174 992 1225 1010 co¬

355 1037 435 1057 rona
464 1026 504 1055 de
530 1025 730 1063 desposada,
760 1034 803 1055 en
820 1027 908 1055 terso
934 1034 954 1063 y
979 1022 1045 1054 frío
1072 1023 1225 1061 mármol,

355 1070 386 1098 la
414 1070 454 1097 de
480 1067 527 1096 los
555 1065 759 1096 hierofantes
783 1068 824 1095 de
851 1068 880 1096 la
905 1065 1166 1103 emancipación
1186 1067 1225 1094 de

356 1110 388 1139 la
420 1107 629 1142 conciencia,
665 1108 899 1143 resplandecía
923 1115 985 1136 con
1012 1108 1064 1135 luz
1100 1107 1141 1134 de
1172 1115 1227 1134 an¬

357 1149 475 1178 torcha
505 1148 545 1177 de
574 1148 604 1176 la
633 1148 813 1188 grandiosa
841 1157 876 1177 es
882 1147 968 1177 látala
995 1147 1041 1177 La
1074 1147 1229 1175 Libertad

358 1190 576 1218 iluminando
609 1187 646 1216 al
681 1189 809 1216 mundo
816 1213 821 1225 ,
857 1197 961 1227 cuyas
994 1186 1229 1216 irradiaciones

359 1238 501 1267 parecen
516 1228 728 1258 vibraciones
744 1229 798 1257 del
821 1229 891 1258 éter
914 1238 957 1257 en
973 1226 1127 1267 [ignición
1144 1236 1230 1265 mag¬

359 1271 468 1300 nética
485 1278 507 1307 y
538 1268 757 1305 crepitadora,
789 1268 989 1299 inundando
1013 1276 1079 1297 con
1102 1270 1230 1296 torren¬

359 1315 405 1340 tes
434 1311 475 1339 de
508 1308 725 1338 civilizadora
757 1310 810 1339 luz
842 1310 944 1338 desde
980 1310 1030 1338 los
1069 1307 1139 1337 más
1174 1317 1230 1336 en¬

357 1351 568 1386 cumbrados,
593 1349 767 1379 brillantes
793 1350 954 1386 estrados,
974 1350 1067 1378 hasta
1092 1349 1139 1377 las
1158 1347 1227 1377 más

356 1393 497 1430 ignotas,
525 1389 706 1427 humildes,
732 1391 930 1420 escondidas
960 1391 1117 1419 cabañas.
1155 1389 1225 1422 Así,

355 1442 393 1461 su
421 1432 473 1460 luz
505 1430 704 1468 proyectóse
732 1439 773 1458 en
803 1431 834 1459 el
866 1439 947 1460 seno
970 1431 1011 1459 de
1050 1430 1098 1458 las
1142 1438 1226 1458 con¬

355 1473 502 1500 ciencias
532 1470 761 1500 infundiendo
793 1471 809 1498 á
839 1472 887 1500 las
923 1469 1159 1508 inteligencias
1180 1472 1231 1497 to¬

356 1513 415 1542 das
451 1512 482 1541 el
506 1510 575 1539 más
598 1510 771 1548 profundo
796 1510 1114 1540 convencimiento.

394 1552 458 1581 Por
484 1559 552 1588 eso,
598 1551 629 1580 el
654 1551 825 1580 resultado
854 1553 894 1580 de
929 1552 961 1580 la
993 1549 1155 1581 votación
1188 1558 1230 1578 no

356 1601 391 1621 se
422 1592 498 1620 hizo
536 1599 680 1629 esperar:
721 1592 813 1620 hubo
851 1594 984 1630 empate
1019 1599 1063 1621 en
1102 1592 1132 1619 la
1169 1590 1230 1628 pri¬

358 1641 455 1667 mera;
490 1640 572 1669 pero
602 1640 645 1660 en
675 1633 707 1661 la
737 1634 898 1669 segunda,
930 1633 963 1661 la
982 1632 1152 1661 voluntad
1176 1639 1230 1659 na¬

355 1673 468 1702 cional
508 1670 646 1703 triunfó,
678 1672 708 1700 la
741 1671 893 1709 'opinión
943 1672 1078 1710 pública
1108 1680 1144 1699 se
1173 1671 1231 1698 im¬

360 1722 454 1750 puso,
491 1712 662 1749 poniendo
699 1712 759 1748 así,
789 1713 940 1749 glorioso
978 1711 1231 1742 coronamiento

357 1763 378 1790 y
420 1754 544 1781 remate
572 1751 605 1779 el
635 1752 758 1787 pueblo
785 1752 918 1789 filipino
955 1753 972 1781 á
1008 1753 1039 1781 la
1075 1752 1155 1779 obra
1191 1751 1232 1778 de

359 1791 500 1822 libertad
528 1799 593 1828 que
618 1790 720 1820 venía
740 1790 918 1826 haciendo,
950 1790 1233 1828 emancipándose

359 1834 399 1861 de
427 1833 458 1861 la
479 1830 598 1859 tiranía
626 1832 795 1869 religiosa.

398 1873 513 1902 Ahora
535 1870 561 1899 sí
585 1879 650 1908 que
673 1871 785 1907 podría
820 1872 913 1900 decir
934 1872 965 1900 el
987 1874 1096 1909 poeta:
1126 1872 1233 1909 ¡Aquí

358 1923 390 1942 se
419 1912 541 1950 abraca
569 1910 666 1938 hasta
697 1910 730 1940 el
755 1912 870 1948 paria!
899 1921 921 1949 y
957 1920 993 1940 se
1021 1910 1164 1941 hallaría
1195 1911 1226 1939 lo

358 1961 421 1991 que
444 1950 662 1980 inútilmente
699 1952 730 1979 el
759 1952 901 1981 sublime
930 1953 1052 1988 Dante,
1080 1951 1227 1989 fatigado

358 1995 397 2021 de
421 1993 467 2020 las
494 1990 609 2020 luchas
632 1990 784 2027 políticas
809 1993 850 2019 de
880 1992 912 2019 la
930 1992 1087 2020 hermosa
1119 1990 1227 2024 Italia,

358 2033 413 2062 del
434 2030 606 2062 santuario
638 2031 691 2059 del
727 2034 807 2068 arte,
837 2032 980 2061 buscaba
1015 2041 1057 2060 en
1096 2032 1126 2059 el
1163 2040 1230 2060 mo¬

361 2072 500 2102 nasterio
544 2071 585 2099 de
621 2070 746 2108 Corvo,
780 2072 812 2101 la
841 2081 915 2108 paz,
946 2074 975 2101 la
1010 2081 1069 2109 paz
1103 2072 1156 2099 del
1181 2080 1229 2100 es¬

360 2112 470 2150 píritu,
495 2112 537 2139 de
554 2111 585 2139 la
609 2111 807 2140 conciencia
834 2121 898 2148 que
931 2112 1026 2140 hasta
1066 2114 1231 2140 entonces

360 2161 415 2181 era
438 2159 503 2179 una
526 2150 640 2186 utopia
667 2158 709 2178 en
729 2152 761 2180 la
778 2151 867 2189 vieja
888 2151 1034 2188 Europa,
1059 2159 1140 2188 pero
1165 2159 1230 2187 que

360 2191 462 2220 desde
491 2189 523 2218 el
549 2188 602 2217 día
636 2191 840 2219 memorable
870 2191 925 2218 del
946 2199 982 2227 29
1007 2191 1049 2219 de
1073 2190 1229 2219 Noviem¬

360 2232 416 2260 bre
441 2231 481 2258 de
498 2227 574 2267 1898
596 2227 669 2257 será
692 2239 760 2258 una
776 2230 923 2258 realidad
947 2239 988 2258 en
1012 2232 1083 2259 esta
1117 2230 1225 2264 tierra,

359 2280 401 2299 en
430 2272 498 2298 este
527 2269 620 2297 suelo
641 2270 682 2298 de
707 2270 738 2298 la
758 2270 907 2307 Malasia,
926 2270 967 2298 de
987 2278 1144 2307 suprema
1160 2278 1229 2298 rea¬

360 2310 474 2338 lizable
497 2308 684 2336 concordia.

575 2494 785 2531 CRÓNICA
813 2503 1020 2533 GENERAL

365 2614 472 2634 Sumario:
498 2612 536 2633 Fin
567 2613 594 2633 de
618 2613 638 2632 la
657 2613 803 2633 dominación
834 2613 938 2640 española
963 2620 990 2633 en
1019 2616 1066 2634 este
1102 2614 1219 2639 Archipié¬

386 2643 444 2669 lago.
450 2640 504 2661 --La
525 2640 665 2661 ratificación
692 2641 718 2660 de
740 2641 761 2661 la
778 2642 957 2669 independencia
975 2642 1099 2669 filipina--.
1106 2642 1133 2663 La
1148 2644 1207 2663 mani
1215 2654 1220 2657 -

385 2669 493 2690 testación
513 2676 540 2689 en
557 2669 578 2689 el
594 2668 741 2689 Cementerio
763 2670 790 2689 de
810 2670 916 2690 Pako.-—
918 2670 946 2690 La
964 2671 1066 2690 creación
1088 2672 1115 2690 de
1134 2674 1223 2691 centros

383 2700 490 2719 docentes
511 2705 525 2723 7
547 2697 680 2718 clubs.---La
701 2697 799 2718 libertad
823 2698 1063 2725 religiosa.—-España,
1089 2699 1191 2719 América
1208 2706 1223 2725 7

385 2726 497 2753 Filipinas.

398 2782 432 2805 La
460 2778 655 2804 dominación
682 2779 823 2811 española
851 2779 886 2803 de
908 2780 968 2804 más
997 2779 1033 2805 de
1058 2782 1116 2804 tres
1151 2788 1223 2805 cen-

361 2816 452 2842 turias
477 2823 513 2841 en
529 2818 589 2842 este
614 2813 836 2849 Archipiélago,
852 2816 931 2841 tenía
957 2824 1015 2848 que
1043 2824 1124 2842 cesar
1145 2816 1206 2842 obli

363 2853 434 2886 gada
468 2860 521 2882 por
552 2852 631 2885 leyes
665 2851 850 2876 ineludibles
884 2853 919 2877 de
952 2853 977 2877 la
1015 2852 1220 2879 Providencia.

362 2889 395 2915 El
420 2888 496 2922 grito
523 2887 558 2914 de
586 2887 768 2914 Balintawak
797 2896 834 2914 no
858 2888 906 2914 fué
923 2889 982 2914 más
1003 2897 1060 2923 que
1086 2888 1113 2914 el
1139 2897 1223 2915 cum¬

362 2924 520 2958 plimiento
550 2924 584 2950 de
607 2924 632 2949 la
658 2922 782 2957 justicia
811 2924 923 2949 divina.
952 2924 988 2949 La
1017 2923 1158 2950 antorcha
1187 2925 1222 2950 de

361 2961 389 2986 la
415 2959 540 2985 libertad
569 2959 657 2985 había
681 2958 829 2984 irradiado
850 2968 897 2984 sus
922 2959 1009 2985 vivos
1033 2960 1164 2992 fulgores
1183 2969 1220 2985 en

362 2994 430 3021 todo
460 2995 488 3019 el
514 2995 588 3027 país,
616 2993 763 3019 haciendo
785 2997 921 3019 entrever
944 2996 956 3018 á
984 3003 1033 3020 sus
1054 2995 1223 3019 habitantes

363 3039 402 3054 un
430 3029 573 3062 porvenir
598 3033 758 3053 venturoso
788 3037 807 3061 y
840 3029 1016 3060 halagüeño,
1045 3030 1084 3053 nó
1110 3030 1137 3053 el
1164 3037 1222 3063 que

364 3065 476 3097 España
505 3065 593 3097 podía
612 3064 736 3095 ofrecer,
764 3062 843 3087 lleno
872 3064 907 3088 de
922 3063 963 3087 las
986 3063 1221 3089 nebulosidades

1424 399 1571 407 <_n»uv»v^
1600 398 1656 407 vina
1696 397 1765 408 UUUi
1771 397 1889 409 IlliiblUi:
1927 397 2000 409 IvUUl
2007 394 2081 412 ilLlCa
2106 397 2126 420 y
2150 397 2190 410 HSI

1334 424 1391 452 que
1419 417 1573 450 Filipinas,
1598 417 1643 442 sin
1675 418 1763 443 mirar
1802 418 1845 442 ios
1882 419 2044 446 elementos
2069 422 2103 447 de
2135 430 2192 455 que

1334 453 1422 484 podía
1451 453 1602 486 disponer,
1621 453 1730 479 desafió
1756 453 1782 478 el
1808 454 1932 486 poderío
1959 455 1995 479 de
2016 465 2048 482 su
2071 457 2191 490 antigua

1332 487 1504 521 Metrópoli.
1530 487 1568 513 La
1590 496 1692 522 sangre
1716 489 1752 514 de
1773 491 1868 513 tantos
1893 489 2026 516 mártires
2055 493 2190 518 asesina¬

1332 524 1386 549 dos
1408 531 1463 556 por
1485 523 1599 557 España
1619 533 1636 555 y
1655 524 1680 549 la
1698 524 1871 550 derramada
1893 533 1947 558 por
1969 529 2108 553 nuestros
2128 529 2189 554 sol¬

1333 559 1424 585 dados
1448 567 1482 584 en
1500 560 1544 584 los
1558 568 1675 593 campos
1689 560 1724 586 de
1741 560 1854 593 batalla,
1873 561 2040 595 atestiguan
2057 564 2084 589 el
2101 565 2185 590 tesón

1332 605 1386 622 con
1413 604 1470 631 que
1495 595 1540 621 los
1571 596 1703 631 filipinos
1731 597 1889 624 abrazaron
1923 597 1949 623 la
1984 607 2069 625 causa
2099 601 2135 626 de
2163 601 2189 626 la

1332 632 1470 659 libertad.

1368 669 1403 695 La
1431 669 1551 695 heroica
1574 669 1728 702 provincia
1755 669 1790 695 de
1812 670 1919 696 Ivibite
1959 679 2013 696 con
2043 681 2076 698 su
2110 672 2193 699 valor

1333 705 1403 731 hace
1428 704 1597 731 retroceder
1615 707 1639 732 al
1663 707 1780 740 general
1796 707 1918 739 Blanco;
1941 706 2092 742 Polavieja
2120 718 2190 738 para

1333 742 1455 767 atacarla
1485 742 1613 768 necesita
1647 743 1682 768 de
1715 751 1823 777 30.000
1853 743 2001 776 soldados,
2042 744 2191 778 provistos

1331 778 1366 803 de
1391 777 1557 803 elementos
1583 779 1744 805 modernos
1774 779 1807 804 de
1829 789 1933 812 guerra
1958 788 1976 813 y
1991 780 2190 810 cooperación

1332 814 1366 838 de
1393 813 1418 838 la
1446 815 1597 845 escuadra,
1615 815 1661 840 sin
1688 814 1843 850 conseguir
1865 815 1990 849 grandes
2015 817 2191 846 resultados;

1331 849 1431 875 Primo
1458 850 1493 875 de
1522 851 1627 877 Rivera
1656 852 1799 877 continua
1826 851 1852 877 el
1884 852 1952 887 plan
1985 853 2020 877 de
2048 855 2191 888 campaña

1330 887 1365 911 de
1392 886 1540 923 Polavieja
1578 896 1595 922 y
1623 888 1799 922 consigue...
1836 897 1894 923 que
1921 888 1947 914 la
1980 889 2189 916 insurrección

1330 932 1359 948 se
1387 923 1510 949 difunda
1540 931 1595 949 con
1622 925 1682 949 más
1705 926 1769 950 brío
1795 933 1849 958 por
1873 925 1917 951 los
1943 925 2074 952 abiertos
2107 936 2190 952 cam¬

1327 967 1379 994 pos
1405 959 1440 985 de
1462 960 1574 986 Luzón.

1362 995 1400 1021 Al
1420 996 1469 1031 pié
1494 996 1528 1022 de
1545 996 1586 1022 las
1603 998 1755 1022 montañas
1771 996 1805 1021 de
1828 996 2039 1024 Biak-na-bató
2061 1007 2091 1024 se
2112 1001 2190 1025 esta¬

1328 1033 1409 1059 blece
1445 1033 1472 1060 el
1487 1034 1645 1061 Gobierno
1681 1032 1867 1069 provisional
1900 1045 1917 1070 y
1949 1035 1985 1061 de
2012 1035 2061 1062 allí
2076 1045 2187 1072 surgen

1328 1070 1429 1105 planes
1449 1071 1484 1096 de
1497 1072 1632 1097 combate
1647 1080 1704 1106 que
1720 1072 1812 1097 hacen
1828 1072 1953 1098 temblar
1974 1071 2000 1097 al
2014 1073 2098 1099 íbero
2121 1075 2189 1100 ieón

1328 1108 1343 1132 é
1358 1107 1553 1133 inmortaliza
1579 1107 1604 1132 el
1623 1109 1747 1134 nombre
1768 1107 1803 1133 de
1823 1108 2002 1141 Aguinaldo.
2020 1108 2192 1144 Compren¬

1329 1144 1439 1170 diendo
1457 1143 1570 1178 España
1597 1153 1654 1178 que
1676 1154 1722 1171 era
1755 1144 1912 1179 imposible
1932 1145 2070 1178 pacificar
2088 1147 2185 1173 Luzón

1331 1188 1382 1213 por
1394 1180 1492 1207 medio
1506 1181 1542 1207 de
1554 1181 1596 1206 las
1611 1189 1715 1212 armas,
1730 1190 1759 1206 se
1773 1181 1836 1207 vale
1851 1181 1898 1206 del
1913 1183 2029 1214 engaño
2044 1190 2059 1212 y
2074 1184 2190 1210 entabla

1330 1216 1558 1251 negociaciones
1583 1216 1790 1252 diplomáticas
1817 1226 1872 1244 con
1898 1218 1922 1243 el
1950 1218 2108 1245 Gobierno
2129 1219 2184 1246 fili¬

1329 1255 1413 1287 pino,
1443 1249 1648 1287 prometiendo
1670 1254 1695 1279 la
1727 1253 1884 1288 expulsión
1911 1254 1946 1279 de
1967 1255 2013 1280 los
2041 1256 2140 1281 frailes
2170 1266 2189 1290 y

1328 1291 1355 1316 el
1383 1290 1642 1316 reconocimiento
1670 1290 1706 1316 de
1739 1291 1783 1316 los
1813 1291 1957 1317 derechos
1993 1291 2130 1324 políticos
2153 1292 2188 1318 de

1327 1328 1370 1354 los
1397 1325 1546 1360 filipinos,
1574 1324 1781 1360 igualándolos
1814 1327 1827 1353 á
1860 1328 1904 1353 ios
1928 1328 2093 1361 españoles,
2124 1329 2187 1355 más

1327 1372 1385 1390 una
1411 1358 1653 1389 indemnización
1682 1363 1717 1389 de
1744 1371 1855 1396 guerra.

1363 1399 1450 1433 Pero,
1485 1402 1653 1425 transcurre
1685 1400 1712 1425 el
1743 1400 1855 1434 tiempo
1885 1399 2030 1434 prefijado
2065 1409 2134 1434 para
2167 1402 2194 1427 el

1328 1436 1561 1471 cumplimiento
1589 1435 1623 1460 de
1644 1436 1685 1462 las
1704 1444 1857 1470 promesas
1878 1445 1896 1470 y
1921 1436 1948 1461 el
1969 1435 2126 1462 Gobierno
2145 1445 2193 1463 es¬

1328 1473 1417 1507 pañol
1442 1473 1514 1498 hace
1536 1471 1623 1497 oidos
1644 1473 1679 1498 de
1704 1473 1856 1499 mercader
1877 1473 1891 1497 á
1909 1472 1950 1497 las
1978 1473 2195 1506 interpelacio¬

1330 1517 1381 1535 nes
1404 1517 1439 1534 eti
1460 1509 1503 1534 las
1524 1507 1629 1533 Corles
1653 1510 1689 1534 de
1710 1508 1877 1543 Diputados
1893 1511 2026 1535 sensatos
2047 1517 2104 1544 que
2123 1511 2190 1536 soio

1327 1546 1413 1572 veían
1441 1545 1466 1570 la
1494 1544 1587 1571 unión
1621 1544 1656 1570 de
1684 1545 1830 1581 Filipinas
1861 1554 1917 1571 con
1951 1545 2065 1579 España
2092 1555 2128 1571 en
2165 1546 2191 1572 el

1328 1581 1558 1616 cumplimiento
1584 1581 1620 1607 de
1641 1583 1682 1608 las
1713 1583 1803 1617 justas
1829 1582 2025 1608 condiciones
2053 1583 2186 1617 impues¬

1327 1621 1381 1652 tas,
1395 1628 1412 1653 y
1426 1618 1503 1652 lejos
1519 1618 1554 1644 de
1576 1626 1638 1651 eso,
1656 1619 1784 1645 autoriza
1803 1619 1817 1645 á
1829 1628 1861 1645 su
1881 1622 2101 1652 representante
2124 1620 2193 1653 aquí

1330 1663 1397 1689 para
1423 1662 1481 1688 que
1504 1654 1591 1681 fusile
1617 1656 1631 1679 á
1654 1655 1765 1688 diestro
1798 1663 1815 1688 y
1839 1654 1978 1681 siniestro
2015 1656 2028 1680 á
2048 1655 2093 1680 los
2127 1648 2192 1680 fili¬

1330 1692 1418 1725 pinos
1452 1698 1510 1724 que
1535 1690 1671 1725 pidieren
1699 1690 1826 1724 justicia.

1367 1727 1444 1752 Ante
1474 1728 1532 1751 esta
1566 1727 1787 1757 informalidad,
1826 1726 1998 1760 Aguinaldo
2036 1725 2189 1752 declaróse

1332 1761 1483 1795 desligado
1505 1762 1542 1787 de
1565 1771 1597 1787 su
1620 1763 1823 1796 compromiso
1848 1771 1865 1796 y
1885 1764 1985 1797 acepta
2011 1762 2051 1787 las
2078 1770 2190 1797 propo¬

1333 1798 1461 1824 siciones
1489 1797 1523 1822 de
1542 1806 1580 1823 un
1610 1800 1719 1833 pueblo
1743 1798 1844 1834 joven,
1873 1799 1943 1825 rico,
1966 1798 2133 1824 ambicioso
2155 1799 2191 1824 de

1332 1833 1437 1869 gloria,
1463 1842 1520 1869 que
1549 1837 1614 1860 ante
1639 1836 1665 1861 la
1692 1836 1736 1861 faz
1762 1835 1808 1860 del
1835 1836 1948 1862 mundo
1970 1838 2071 1861 entero
2093 1836 2190 1861 mani¬

1332 1872 1413 1897 fiesta
1435 1878 1492 1904 que
1517 1879 1550 1895 su
1576 1871 1664 1896 deseo
1691 1880 1721 1897 es
1750 1871 1856 1898 luchar
1878 1881 1932 1906 por
1956 1871 2001 1897 los
2030 1872 2132 1897 fueros
2155 1872 2190 1897 de

1326 1909 1352 1933 la
1384 1905 1576 1932 humanidad.

1363 1942 1560 1969 Americanos
1574 1952 1591 1978 y
1612 1943 1757 1978 filipinos,
1777 1951 1859 1976 pues,
1876 1951 1905 1968 se
1925 1943 2051 1969 unieron
2074 1952 2109 1968 en
2136 1951 2183 1967 es¬

1327 1979 1431 2006 trecho
1455 1980 1559 2005 abrazo
1584 1987 1601 2014 y
1624 1979 1728 2014 juntos
1747 1979 1913 2013 trabajaron
1949 1988 2019 2013 para
2052 1980 2192 2005 derrum¬

1328 2018 1378 2041 bar
1403 2015 1428 2041 ei
1452 2014 1571 2041 edificio
1592 2015 1627 2040 de
1652 2016 1678 2041 la
1697 2016 1815 2045 tiranía,
1836 2015 1987 2049 grabando
2015 2025 2073 2041 con
2099 2015 2187 2042 letras

1328 2053 1363 2078 de
1390 2060 1442 2077 oro
1474 2061 1511 2078 en
1532 2051 1575 2077 las
1595 2052 1719 2086 páginas
1746 2052 1781 2078 de
1808 2051 1834 2077 la
1863 2051 2008 2083 Historia,
2036 2052 2063 2077 el
2084 2051 2132 2077 día
2159 2062 2187 2087 13

1329 2090 1363 2113 de
1392 2089 1514 2122 Agosto,
1538 2096 1573 2114 en
1609 2097 1667 2123 que
1688 2097 1744 2114 con
1780 2087 1868 2114 todos
1896 2088 1942 2114 los
1974 2088 2102 2114 honores
2140 2089 2188 2113 del

1330 2124 1450 2153 triunfo,
1476 2126 1615 2150 entraron
1647 2125 1691 2150 los
1720 2125 1855 2150 fornidos
1885 2124 2072 2150 americanos
2100 2132 2117 2156 y
2143 2124 2188 2149 los

1329 2159 1419 2193 ágiles
1439 2159 1575 2192 filipinos
1602 2168 1671 2194 para
1695 2161 1784 2185 echar
1808 2159 1894 2193 abajo
1922 2160 1949 2184 el
1986 2159 2111 2185 reinado
2141 2159 2189 2184 del

1329 2190 1568 2221 obscurantismo
1583 2205 1602 2231 y
1615 2196 1750 2221 levantar
1764 2195 1791 2221 el
1807 2195 1934 2229 imperio
1960 2195 1996 2221 de
2019 2195 2044 2221 la
2065 2194 2187 2229 justicia

1328 2240 1345 2264 y
1365 2231 1400 2256 de
1427 2232 1454 2256 la
1479 2232 1579 2257 razón.

1363 2311 1428 2336 Con
1450 2311 1476 2337 la
1498 2311 1654 2337 atmósfera
1672 2310 1807 2337 saturada
1828 2310 1877 2335 del
1897 2311 1958 2336 aire
1984 2311 2020 2336 de
2045 2311 2069 2335 la
2091 2312 2184 2337 liber¬

1327 2347 1382 2377 tad,
1412 2349 1520 2372 exento
1542 2347 1589 2372 del
1604 2347 1721 2373 viciado
1750 2355 1808 2381 que
1834 2345 1948 2380 España
1982 2355 2036 2372 nos
2070 2347 2183 2373 hiciera

1328 2382 1465 2417 respirar,
1494 2386 1599 2416 puesto
1620 2392 1678 2418 que
1697 2393 1732 2409 en
1750 2383 1848 2409 Luzón
1880 2382 1907 2408 la
1944 2383 2042 2408 fuerza
2077 2385 2185 2408 incon¬

1326 2419 1463 2445 trastable
1484 2418 1520 2444 de
1548 2423 1670 2446 nuestro
1692 2419 1813 2454 ejército
1828 2429 1845 2454 y
1868 2418 1914 2444 los
1939 2421 2104 2453 poderosos
2122 2420 2187 2445 ele¬

1326 2458 1442 2481 mentos
1473 2454 1509 2480 de
1533 2455 1558 2480 la
1588 2456 1689 2481 Unión
1715 2456 1742 2480 lo
1778 2456 1886 2480 habían
1914 2456 2090 2489 purificado,
2131 2457 2180 2480 Fi¬

1325 2492 1437 2525 lipinas
1477 2491 1598 2517 celebró
1635 2493 1874 2518 solemnemente
1908 2492 1936 2515 el
1974 2501 2006 2527 29
2037 2493 2072 2518 de
2109 2493 2182 2526 Sep¬

1325 2528 1452 2554 tiembre
1497 2527 1524 2552 la
1560 2527 1742 2554 ratificación
1782 2529 1818 2554 de
1851 2535 1884 2553 su
1929 2527 2180 2562 independencia,

1324 2562 1511 2598 proclamada
1535 2571 1572 2589 en
1600 2562 1698 2590 Kawit
1719 2564 1746 2589 el
1767 2573 1781 2598 3
1807 2564 1842 2589 de
1868 2563 1991 2597 Agosto,
2016 2574 2053 2590 en
2080 2564 2180 2590 medio

1325 2600 1360 2624 de
1387 2599 1414 2625 la
1440 2607 1545 2632 mayor
1569 2600 1733 2627 concordia
1757 2609 1775 2634 y
1805 2598 1988 2625 animación.
2018 2600 2053 2626 La
2075 2600 2179 2635 iglesia

1324 2635 1447 2662 católica
1478 2635 1515 2660 de
1547 2635 1713 2667 Bárasoain,
1742 2638 1857 2663 servida
1891 2635 2179 2669 provisionalmente

1324 2680 1409 2697 esmo
1431 2671 1551 2698 edificio
1573 2672 1621 2698 del
1641 2671 1795 2706 Congreso
1823 2672 1956 2706 filipino,
1983 2681 2031 2699 era
2056 2673 2181 2707 incapaz

1323 2715 1390 2741 para
1417 2712 1561 2734 contener
1584 2709 1597 2733 á
1621 2709 1663 2734 las
1687 2708 1963 2742 representaciones
1985 2708 2117 2735 oficiales
2145 2708 2181 2733 de

1323 2743 1406 2769 todas
1423 2744 1465 2769 las
1493 2743 1672 2778 provincias.
1699 2745 1759 2770 Allí
1787 2744 1812 2769 la
1826 2752 1881 2769 voz
1900 2744 2028 2777 pausada
2053 2745 2102 2770 del
2117 2744 2183 2770 Ho¬

1324 2779 1447 2805 norable
1467 2779 1640 2806 Presidente
1669 2780 1716 2805 del
1741 2779 1908 2811 Gobierno,
1941 2780 2134 2806 anunciando
2155 2781 2180 2805 la

1324 2815 1530 2849 significación
1553 2815 1675 2850 política
1699 2816 1734 2842 de
1755 2816 1781 2842 la
1800 2815 2001 2849 solemnidad,
2037 2817 2179 2852 producía

1323 2861 1359 2877 en
1394 2855 1530 2878 nuestros
1560 2851 1642 2879 oidos
1674 2861 1732 2880 una
1769 2852 1955 2878 satisfacción
1983 2854 2089 2880 íntima
2116 2861 2134 2887 y
2166 2853 2180 2878 á

1324 2891 1442 2914 nuestro
1485 2888 1612 2923 espíritu
1651 2896 1753 2922 mayor
1777 2888 1895 2922 energía
1930 2896 1997 2922 para
2037 2892 2179 2916 arrostrar-

1322 2924 1395 2950 todo
1420 2924 1502 2950 hasta
1522 2925 1548 2949 la
1576 2924 1773 2951 consecución
1806 2924 1954 2957 completa
1987 2925 2022 2950 de
2056 2927 2178 2951 nuestra

1322 2959 1573 2993 independencia.
1595 2960 1628 2986 El
1649 2960 1822 2986 Presidente
1843 2960 1891 2984 del
1918 2960 2072 2993 Congreso
2104 2963 2180 2985 tam¬

1322 2995 1389 3021 bién
1412 3003 1447 3020 en
1475 2995 1615 3027 períodos
1638 2994 1817 3021 admirables
1842 2994 1931 3020 habló
1952 2994 1987 3019 de
2009 2996 2034 3021 la
2063 2995 2178 3028 ventaja

1321 3031 1356 3054 de
1378 3038 1416 3054 un
1438 3031 1582 3062 gobierno
1605 3031 1691 3058 líbre,
1713 3031 1748 3055 de
1774 3029 1799 3053 la
1821 3030 1989 3062 obligación
2019 3039 2076 3063 que
2090 3031 2178 3055 todos

1320 3068 1459 3089 tenemos
1492 3065 1529 3089 de
1556 3065 1698 3089 defender
1733 3065 1759 3088 el
1793 3064 1887 3096 patrio
1917 3064 2001 3089 suelo
2034 3065 2114 3090 hasta
2152 3065 2177 3089 ¡a
