2480 3507
1096 277 1139 305 La
1166 278 1304 306 Malasia

2027 292 2058 319 13

286 363 437 397 captarse
460 362 510 390 las
535 361 705 397 simpatías
735 362 776 389 de
800 362 899 396 éstas,
923 361 1042 399 seguía
1069 363 1144 390 dur¬

287 400 435 435 miendo,
460 408 504 428 no
535 399 647 436 quería
671 400 770 429 mirar
782 400 880 429 hacia
903 401 935 428 el
952 402 1076 429 cuadro
1104 401 1145 428 de

288 447 325 466 su
345 439 500 475 porvenir
532 440 624 467 lleno
654 440 694 467 de
724 439 884 476 peligros,
910 439 1146 476 contemplaba

288 485 331 505 no
356 479 521 513 obstante,
547 485 627 515 muy
664 480 828 506 contento
868 485 906 505 su
947 478 1146 515 diplomacia

284 517 400 546 rancia
426 518 466 545 de
486 525 652 554 provocar
687 525 823 555 guerras
859 517 1144 546 internacionales

285 565 329 584 en
348 557 509 595 perjuicio
543 558 584 585 de
613 557 645 587 la
670 557 889 590 humanidad,
922 557 1146 594 mendigando

284 597 462 627 amistades
493 606 535 626 en
573 596 760 632 Alemania,
804 596 945 627 Francia
980 607 1001 636 y
1030 597 1142 628 Rusia,

285 637 350 666 Por
375 637 423 667 fin
449 645 486 667 se
511 635 635 666 acordó
657 638 698 667 de
729 637 904 674 Filipinas,
928 638 1060 668 intentó
1085 639 1145 667 mi¬

286 679 387 707 marla
413 686 620 716 pero_¡ya
648 687 701 707 era
734 678 836 707 tarde!
862 677 898 707 El
927 679 1052 714 pueblo
1081 678 1141 707 fili¬

289 718 377 755 pino,
408 727 473 746 con
513 716 650 747 ocasión
683 718 722 746 de
758 717 788 746 la
823 725 941 756 guerra
972 721 1065 749 entre
1090 719 1145 748 Es¬

287 760 371 796 paña
394 767 417 792 y
452 757 618 789 América,
651 758 707 787 dió
734 757 764 786 el
796 759 881 795 grito
916 758 956 786 de
990 760 1021 788 la
1050 759 1144 788 inde¬

284 798 470 835 pendencia
497 796 623 834 porqué
655 798 695 826 ha
730 798 872 833 perdido
905 799 934 827 la
969 799 1144 829 confianza

284 848 325 867 en
357 839 387 868 el
416 838 579 876 gobierno
610 838 748 875 español
775 847 839 868 con
877 839 978 875 quien
1023 848 1068 869 no
1107 848 1142 869 se

286 878 386 916 podía
418 883 513 908 tener
538 878 670 915 ningún
698 880 782 908 trato
816 879 944 909 formal.
975 880 1012 908 El
1041 880 1143 910 héroe

283 920 324 947 de
351 919 381 948 la
395 919 542 948 anterior
562 917 803 955 insurrección,
825 920 1029 957 Aguinaldo,
1047 920 1143 950 había

283 960 417 988 tomado
443 967 512 988 una
540 958 733 988 resolución
767 958 974 989 irrevocable
1001 969 1065 998 que
1090 970 1144 989 era

283 999 480 1035 conquistar
509 998 539 1027 la
563 998 838 1036 independencia
870 1000 910 1028 de
934 1009 971 1028 su
1004 1000 1139 1038 pueblo,

281 1038 448 1078 peleando
474 1041 593 1071 contra
616 1038 666 1071 las
701 1048 810 1072 armas
848 1041 1028 1080 españolas
1065 1051 1144 1080 para

282 1082 466 1112 demostrar
492 1082 524 1110 al
555 1084 683 1112 mundo
723 1085 854 1117 entero,
874 1091 940 1120 que
976 1092 1037 1114 nos
1064 1092 1143 1114 con¬

284 1124 444 1160 templara
480 1130 522 1151 en
554 1127 686 1152 nuestra
714 1124 848 1153 marcha
880 1124 1145 1155 revolucionaria

283 1171 348 1199 que
365 1172 407 1191 no
421 1163 494 1192 sólo
511 1164 669 1192 teníamos
683 1163 793 1193 fuerza
818 1163 970 1193 bastante
989 1174 1067 1202 para
1093 1174 1143 1194 re¬

281 1203 378 1232 cabar
398 1204 439 1231 de
455 1204 585 1240 España
601 1203 719 1233 ciertas
732 1204 924 1241 libertades,
942 1203 969 1233 sí
982 1215 1046 1243 que
1062 1209 1144 1236 tam¬

283 1242 362 1272 bién
374 1243 465 1272 hasta
481 1252 557 1282 para
571 1245 823 1281 proclamarnos
837 1245 938 1274 libres
952 1244 969 1273 é
985 1247 1143 1286 indepen¬

282 1283 413 1313 dientes
441 1292 462 1321 y
486 1292 551 1312 con
575 1285 759 1314 elementos
777 1286 968 1314 necesarios
988 1296 1066 1323 para
1097 1297 1142 1315 un

281 1323 439 1361 gobierno
456 1325 571 1361 propio
601 1334 623 1361 y
651 1333 718 1353 una
740 1325 1024 1356 administración
1046 1337 1143 1356 exce¬

282 1366 385 1400 lente,
414 1364 466 1392 sin
496 1364 762 1396 inmoralidades
784 1367 818 1395 ni
857 1367 1072 1405 vilipendios
1101 1377 1141 1396 en

282 1406 332 1432 ios
354 1405 516 1434 intereses
543 1406 731 1434 materiales
758 1406 798 1436 de
833 1410 971 1436 nuestro
1008 1408 1140 1444 pueblo.

285 1445 346 1472 Los
371 1445 545 1480 españoles
576 1448 720 1475 trataron
743 1455 784 1475 en
802 1454 893 1475 vano
916 1448 957 1476 de
992 1447 1143 1486 halagar¬

284 1492 345 1513 nos
372 1485 389 1514 á
403 1483 521 1514 última
538 1484 622 1513 hora
644 1495 709 1513 con
734 1486 849 1515 dulces
871 1495 1053 1526 promesas,
1079 1497 1142 1525 que

282 1525 362 1553 bien
391 1524 568 1561 sabíamos,
606 1526 736 1565 España
761 1535 805 1557 no
833 1528 881 1557 las
919 1528 972 1557 iba
1003 1529 1020 1558 á
1056 1538 1144 1558 cum¬

282 1566 356 1601 plir.
369 1566 625 1604 ¡Desgraciados
641 1570 680 1597 de
697 1570 855 1597 nosotros
868 1566 895 1596 si
915 1577 978 1598 nos
993 1569 1144 1598 hubiéra¬

282 1614 353 1635 mos
369 1606 489 1644 dejado
514 1608 663 1644 engañar
686 1609 817 1645 aquella
833 1607 903 1637 vez!
925 1610 984 1638 Era
1001 1609 1143 1640 ocasión

280 1648 321 1674 de
346 1647 542 1683 conquistar
566 1647 595 1674 la
611 1647 753 1677 libertad
790 1650 830 1677 de
850 1652 988 1679 nuestro
1004 1651 1139 1687 pueblo:

280 1687 331 1715 los
360 1686 490 1722 buques
518 1686 737 1723 americanos,
764 1686 911 1725 después
937 1690 978 1718 de
1009 1690 1108 1719 echar
1126 1690 1144 1718 á

281 1726 380 1761 pique
407 1727 425 1753 á
456 1727 506 1754 los
531 1728 648 1755 barcos
685 1728 862 1763 españoles
888 1737 930 1756 en
967 1730 1015 1757 las
1041 1738 1143 1767 aguas

283 1764 442 1802 filipinas,
473 1765 682 1802 bloquearon
713 1767 744 1795 la
772 1766 897 1804 capital
931 1768 972 1796 de
1006 1772 1142 1798 nuestro

286 1802 540 1844 Archipiélago.
567 1806 630 1835 Los
649 1807 806 1837 soldados
834 1807 1053 1839 libertadores
1066 1818 1145 1839 con¬

283 1846 456 1883 siguieron
485 1846 578 1875 sitiar
609 1846 641 1877 la
666 1847 760 1884 plaza
788 1849 830 1875 de
848 1848 968 1877 Manila
1001 1848 1145 1888 después

282 1887 322 1913 de
344 1885 598 1915 considerables
627 1887 772 1917 triunfos
802 1896 867 1924 que
894 1888 963 1917 han
980 1890 1144 1918 obtenido

282 1926 380 1954 sobre
410 1925 458 1953 las
482 1934 592 1955 armas
616 1928 793 1963 españolas
817 1937 859 1956 en
883 1928 1033 1958 diversos
1056 1939 1144 1959 com¬

284 1966 375 1994 bates
405 1973 469 2001 que
494 1975 528 1995 se
552 1966 618 1995 han
652 1968 783 1997 librado
812 1977 855 1996 en
878 1967 926 1997 las
953 1970 1144 2005 provincias

280 2007 323 2033 de
353 2005 476 2034 Luzón.
515 2006 708 2045 Aquejados
741 2008 793 2037 los
815 2010 996 2044 españoles
1024 2010 1145 2039 dentro

280 2047 321 2074 de
346 2045 471 2075 Manila
488 2055 545 2083 por
570 2047 618 2076 los
647 2048 771 2087 rigores
786 2049 840 2077 del
855 2047 932 2077 sitio
949 2058 971 2084 y
987 2049 1142 2088 bloqueo,

282 2085 439 2114 tuvieron
476 2094 536 2122 por
568 2087 614 2115 fin
642 2097 706 2125 que
748 2089 898 2117 rendirse
930 2089 946 2117 á
984 2090 1032 2119 los
1056 2099 1144 2119 ame¬

282 2126 426 2153 ricanos.
465 2125 527 2154 Los
559 2129 736 2163 españoles
764 2137 829 2164 que
861 2130 996 2156 estaban
1030 2129 1146 2158 defen¬

281 2165 404 2193 diendo
420 2165 557 2201 Manila,
579 2160 609 2194 aí
627 2176 726 2196 verse
755 2168 913 2204 perdidos
941 2176 1003 2204 por
1029 2178 1098 2199 una
1125 2178 1146 2207 y

279 2207 349 2233 otra
371 2207 472 2240 parte,
496 2204 618 2242 podían
646 2207 787 2235 haberse
812 2208 993 2244 entregado
1008 2216 1051 2237 en
1080 2218 1145 2237 ma¬

280 2253 341 2272 nos
359 2245 400 2272 de
418 2245 449 2272 ia
466 2244 677 2283 revolución,
703 2247 945 2283 proclamando
963 2248 1048 2278 ellos
1072 2249 1147 2277 mis¬

279 2292 351 2313 mos
381 2286 518 2313 nuestra
532 2285 813 2323 independancia,
831 2286 880 2315 así
902 2288 1066 2324 pudieran
1092 2289 1146 2317 ha¬

280 2324 338 2351 ber
366 2323 591 2354 manifestado
634 2327 684 2354 los
728 2325 861 2355 timbres
900 2327 941 2355 de
983 2329 1147 2364 grandeza

280 2363 320 2391 de
343 2370 363 2400 q
368 2372 374 2384 1
402 2372 405 2374 '
445 2372 461 2391 e
488 2365 578 2402 jacta
598 2365 626 2394 el
657 2365 779 2403 pueblo
803 2367 945 2402 español
977 2368 1090 2397 dando
1117 2369 1146 2396 la

278 2403 422 2433 libertad
444 2402 462 2432 á
485 2414 539 2433 sus
556 2405 643 2443 hijos
658 2416 681 2443 y
702 2414 747 2434 no
769 2414 874 2444 poner
887 2407 997 2437 trabas
1011 2406 1029 2437 á
1048 2417 1146 2437 nues¬

278 2445 341 2471 tras
365 2443 592 2480 aspiraciones
616 2445 733 2483 justas.

687 2738 730 2765 VI

318 2966 476 2994 Perdida*
487 2975 549 3003 por
583 2967 715 3003 España
747 2967 779 2996 la
814 2975 934 3005 guerra
962 2976 1030 3003 que
1055 2972 1148 2996 sostu

277 3005 368 3032 viera
402 3007 517 3035 contra
553 3007 602 3034 los
647 3006 785 3034 Estados
830 3006 971 3041 Unidos,
1015 3006 1146 3035 solicitó

277 3040 406 3078 aquélla
440 3044 471 3072 la
506 3053 573 3080 paz,
612 3044 783 3080 pidiendo,
811 3044 955 3079 además,
979 3053 1047 3074 una
1070 3054 1147 3073 con-

1241 362 1392 392 ferencía
1406 372 1447 390 en
1462 363 1564 392 París.
1583 364 1713 400 España
1726 366 1815 394 tenía
1838 369 1991 398 colonias
2012 371 2100 406 opri¬

1243 402 1349 430 midas
1362 410 1379 429 a
1395 402 1534 438 quienes
1554 404 1659 440 jamás
1687 402 1784 433 había
1811 410 1960 441 pensado
1977 416 2020 437 en
2048 411 2106 438 dar

1242 440 1289 468 las
1306 440 1485 470 libertades
1505 451 1570 477 que
1582 439 1801 472 merccen'los
1817 447 1959 481 pueblos
1975 449 2106 477 cuando

1242 479 1354 516 llegan
1381 480 1398 507 á
1417 488 1455 508 su
1479 482 1562 509 edad
1580 484 1803 518 competente.
1831 484 1873 513 La
1904 487 2106 522 empleoma¬

1244 517 1300 546 nía
1328 519 1415 548 tenía
1454 528 1492 548 su
1526 529 1610 558 gran
1648 521 1861 557 predominio
1895 533 1938 554 en
1975 525 2102 564 España

1243 558 1342 588 sobre
1364 559 1395 587 la
1413 560 1578 589 voluntad
1597 562 1636 590 de
1655 561 1705 590 los
1726 564 1956 599 gobernantes
1976 573 1996 603 y
2015 569 2104 596 estos

1243 606 1309 635 que
1331 599 1395 628 han
1412 601 1585 630 contraido
1604 601 1700 631 miles
1719 602 1761 632 de
1779 605 2022 642 compromisos
2038 616 2102 636 con

1242 647 1298 668 sus
1320 639 1471 670 diversos
1509 642 1700 680 protegidos
1734 652 1779 674 no
1802 645 1926 682 podían
1953 646 2067 685 dirigir
2086 647 2102 676 á

1244 688 1281 707 su
1314 678 1443 708 Nación
1471 689 1532 717 por
1566 683 1597 712 la
1639 684 1742 713 senda
1775 684 1828 714 del
1864 694 2022 726 progreso
2061 696 2103 716 en

1243 721 1448 749 menoscabo
1480 722 1521 749 de
1543 729 1598 752 sus
1619 722 1780 753 intereses
1809 727 2029 762 per-sonalos;
2059 730 2106 755 te¬

1242 759 1330 795 nían,
1358 768 1453 796 pues,
1492 762 1541 790 los
1578 764 1793 800 magistrados
1808 766 1861 795 del
1894 767 2020 803 pueblo
2055 776 2101 796 es¬

1241 802 1343 838 pañol
1370 810 1435 838 que
1474 802 1572 831 obrar
1599 804 1805 839 impulsados
1838 814 1898 842 por
1931 808 1961 836 la
1996 806 2107 837 fuerza

1242 843 1282 870 de
1301 842 1331 872 la
1364 841 1549 872 influencia
1572 844 1612 873 de
1638 844 1686 873 las
1716 844 1962 884 instituciones,
1980 848 2022 879 de
2053 850 2103 878 los

1241 883 1390 919 partidos
1417 891 1438 920 y
1470 883 1510 911 de
1539 883 1591 913 los
1623 886 1868 921 compromisos
1899 890 2103 925 personales.

1242 923 1371 960 España
1400 923 1441 952 ha
1462 923 1553 952 visto
1581 923 1612 954 la
1638 925 1768 957 derrota
1799 927 1840 955 de
1868 937 1905 957 su
1944 931 2103 960 escuadra

1242 973 1283 991 en
1308 962 1441 999 Rabile,
1461 963 1504 992 ha
1520 964 1611 993 visto
1634 966 1665 993 la
1683 967 1824 1004 pujanza
1850 968 1892 997 de
1914 969 1944 997 la
1971 971 2104 999 revolu¬

1242 1003 1316 1031 ción
1346 1002 1474 1039 filipina
1503 1005 1685 1034 extendida
1710 1015 1771 1043 por
1787 1007 1865 1037 todo
1884 1009 1994 1038 Luzon
2008 1020 2029 1048 y
2042 1020 2104 1049 por

1241 1044 1396 1075 diversos
1425 1046 1551 1082 puntos
1582 1045 1624 1077 de
1659 1047 1797 1088 Bisayas
1833 1058 1853 1087 y
1899 1050 2101 1084 Mindanaw;

1241 1087 1356 1116 estaba
1383 1085 1555 1116 sufriendo
1577 1097 1616 1117 su
1639 1086 1776 1126 ejército
1801 1098 1842 1119 en
1871 1092 1903 1120 el
1931 1092 2106 1131 Archipié¬

1242 1129 1316 1165 lago
1332 1128 1379 1156 las
1407 1127 1590 1164 peripecias
1618 1129 1671 1158 del
1688 1131 1761 1160 sitio
1785 1139 1808 1168 y
1832 1130 1979 1169 bloqueo
2000 1143 2032 1172 y,
2050 1135 2102 1163 sin

1242 1170 1414 1206 embargo,
1440 1175 1493 1196 sus
1516 1167 1673 1198 hombres
1698 1171 1849 1207 políticos
1868 1171 2038 1204 hablaban
2064 1184 2106 1203 en

1241 1211 1293 1239 los
1314 1199 1471 1242 circuios,
1498 1216 1540 1236 en
1570 1208 1617 1238 los
1638 1209 1726 1241 cafés
1750 1221 1772 1250 y
1796 1212 1890 1242 hasta
1918 1222 1961 1242 en
1982 1215 2029 1245 los
2049 1224 2106 1252 pe¬

1241 1250 1396 1284 riódicos,
1408 1248 1449 1276 de
1461 1249 1510 1277 las
1528 1248 1689 1279 reformas
1709 1260 1787 1289 muy
1805 1254 2023 1292 restringidas
2043 1263 2106 1292 que

1241 1291 1394 1319 trataban
1423 1288 1464 1317 de
1493 1288 1675 1326 implantar
1712 1300 1754 1321 en
1792 1296 1928 1323 nuestro
1967 1296 2105 1332 pueblo.

1243 1332 1353 1361 Moret
1376 1338 1412 1358 se
1430 1328 1559 1358 atrevió
1589 1328 1608 1359 á
1633 1331 1726 1361 decir
1750 1342 1815 1370 que
1844 1335 1878 1362 ni
1907 1335 2052 1372 siquiera
2075 1336 2107 1363 el

1241 1371 1406 1407 gobierno
1433 1369 1581 1406 español,
1598 1370 1640 1399 ha
1662 1374 1810 1408 pensado
1827 1381 1872 1403 en
1895 1376 2050 1412 expulsar
2065 1377 2106 1404 de

1242 1411 1401 1449 Filipinas
1432 1409 1448 1439 á
1480 1411 1528 1439 las
1563 1413 1817 1449 corporaciones
1848 1415 2036 1454 religiosas.
2068 1417 2105 1445 El

1240 1452 1401 1491 gobierno
1423 1451 1565 1488 español
1589 1460 1706 1488 apesar
1726 1454 1782 1482 del
1810 1459 1910 1491 pacto
1941 1458 1982 1486 de
2007 1458 2107 1486 Bialc-

1239 1490 1393 1528 na-bató,
1423 1498 1458 1519 se
1484 1493 1680 1528 presentaba
1704 1497 1782 1522 ante
1809 1495 1888 1524 todo
1917 1498 1949 1524 el
1980 1498 2104 1526 mundo

1241 1531 1488 1562 manifestando
1512 1540 1578 1568 que
1599 1541 1641 1561 no
1663 1532 1760 1563 había
1780 1537 1954 1566 contraido
1979 1536 2109 1575 ningún

1242 1571 1470 1612 compromiso
1504 1581 1569 1601 con
1591 1573 1595 1578 '
1610 1575 1763 1603 nosotros
1792 1577 1890 1606 sobre
1933 1579 2106 1608 concesio¬

1242 1623 1303 1644 nes
1327 1612 1493 1652 políticas,
1524 1613 1687 1651 alegando
1707 1623 1845 1646 razones
1871 1616 1997 1656 fútiles,
2024 1629 2108 1649 anu¬

1242 1654 1344 1684 lando
1380 1654 1412 1683 la
1441 1655 1713 1691 representación
1743 1656 1842 1693 plena
1885 1659 1925 1686 de
1962 1668 2028 1696 que
2056 1669 2107 1688 es¬

1244 1694 1318 1723 taba
1346 1692 1517 1722 investido
1542 1693 1573 1721 el
1608 1692 1752 1730 Capitán
1783 1698 1921 1733 general
1952 1708 2018 1735 que
2050 1701 2106 1729 Es¬

1241 1736 1331 1769 paña
1359 1733 1498 1761 enviara
1537 1732 1624 1769 aquí.
1668 1733 1706 1761 El
1737 1737 1874 1773 general
1909 1738 2021 1768 Primo
2064 1741 2107 1768 de

1243 1774 1364 1804 Rivera
1394 1770 1490 1801 debía
1529 1773 1569 1801 de
1611 1772 1715 1802 haber
1755 1777 1954 1808 consultado
1991 1780 2022 1808 al
2050 1789 2106 1818 go¬

1242 1814 1363 1843 bierno
1388 1813 1428 1841 de
1448 1812 1577 1843 Madrid
1607 1815 1705 1842 sobre
1733 1815 1781 1844 las
1821 1819 2039 1850 condiciones
2067 1821 2107 1848 de

1243 1863 1303 1892 paz
1327 1862 1389 1891 que
1414 1852 1510 1882 firmó
1533 1861 1596 1882 con
1619 1854 1822 1892 Aguinaldo;
1841 1858 1889 1888 así
1903 1860 1937 1888 lo
1961 1868 2107 1890 creemos

1244 1903 1372 1931 porque
1393 1901 1453 1921 nos
1482 1893 1661 1924 fundamos
1692 1903 1733 1924 en
1762 1906 1826 1934 que
1856 1899 1883 1927 si
1908 1900 1939 1928 el
1972 1901 2105 1938 general

1244 1934 1356 1963 Primo
1379 1934 1419 1961 de
1448 1933 1571 1962 Rivera
1600 1943 1636 1963 se
1669 1934 1809 1966 hubiese
1839 1942 2107 1976 comprometido

1245 1975 1261 2003 á
1291 1974 1472 2012 implantar
1495 1982 1540 2002 en
1569 1973 1732 2012 Filipinas
1764 1978 1880 2008 ciertas
1911 1980 2106 2016 libertades,

1245 2016 1295 2044 sin
1322 2015 1354 2044 el
1378 2013 1668 2045 consentimiento
1699 2015 1754 2046 del
1783 2017 1942 2056 gabinete
1974 2021 2015 2050 de
2036 2020 2108 2049 Ma¬

1245 2055 1327 2092 drid,
1363 2052 1581 2083 hubiésemos
1610 2056 1695 2085 visto
1732 2064 1774 2094 ya
1816 2059 1847 2087 el
1886 2060 2012 2099 castigo
2045 2070 2108 2098 que

1245 2093 1384 2125 merecía
1411 2092 1441 2122 el
1460 2094 1598 2132 general
1627 2096 1658 2126 al
1683 2095 1780 2125 obrar
1801 2098 2039 2130 aisladamente
2070 2103 2109 2130 de

1245 2145 1285 2164 su
1316 2133 1480 2173 gobierno
1519 2134 1617 2163 sobre
1658 2139 1797 2166 asuntos
1833 2139 1991 2174 políticos
2029 2150 2108 2178 muy

1245 2173 1533 2204 trascendentales
1557 2182 1575 2210 y
1598 2174 1778 2211 delicados;
1804 2185 1846 2206 no
1871 2179 1993 2209 hemos
2023 2182 2109 2209 visto

1245 2215 1276 2243 el
1290 2214 1429 2250 castigo,
1444 2220 1601 2249 creemos,
1626 2222 1717 2251 pues,
1739 2216 1841 2245 desde
1856 2217 1966 2257 luego,
1988 2227 2054 2256 que
2073 2221 2112 2249 de

1244 2255 1276 2283 la
1295 2252 1528 2283 informalidad
1551 2253 1605 2282 del
1621 2257 1773 2285 contrato
1791 2264 1835 2285 no
1857 2258 1931 2288 sólo
1947 2268 1981 2288 es
1998 2260 2111 2296 culpa¬

1245 2295 1300 2323 ble
1322 2293 1434 2322 Primo
1448 2293 1490 2321 de
1508 2292 1640 2329 Rivera,
1668 2295 1741 2325 sino
1767 2305 1831 2332 que
1845 2299 1996 2328 también
2017 2308 2063 2335 es,
2090 2309 2109 2333 y

1246 2332 1315 2363 más
1339 2332 1497 2369 culpable
1512 2340 1570 2360 nos
1586 2342 1701 2370 parece
1727 2337 1804 2371 aún,
1833 2338 1864 2366 el
1880 2339 2042 2376 gobierno
2069 2341 2110 2368 de

1247 2375 1389 2410 España.
1407 2371 1518 2401 Todos
1536 2374 1623 2403 estos
1638 2374 1734 2405 datos
1748 2383 1813 2412 que
1824 2376 1984 2407 llevamos
2001 2387 2108 2412 apun¬

1247 2414 1341 2443 tados
1357 2413 1399 2441 de
1410 2420 1492 2449 paso
1504 2411 1718 2444 demuestran
1733 2416 1948 2455 claramente,
1968 2427 2035 2455 que
2048 2419 2106 2448 Es¬

1246 2456 1333 2491 paña
1373 2452 1416 2482 ha
1463 2451 1590 2482 tratado
1617 2454 1659 2483 de
1687 2457 1902 2494 engañarnos
1932 2460 2109 2488 continua¬

1247 2495 1369 2528 mente,
1386 2491 1611 2522 teniéndonos
1630 2502 1698 2531 pon
1713 2495 1918 2534 ignorantes,
1932 2499 2107 2536 incapaces

1247 2534 1288 2562 de
1303 2532 1524 2568 comprender
1538 2531 1588 2561 los
1600 2534 1749 2571 agravios
1768 2544 1832 2573 que
1847 2535 1892 2565 ha
1909 2538 2033 2567 venido
2047 2539 2105 2568 ha¬

1247 2571 1432 2602 ciéndonos
1457 2571 1553 2600 todos
1589 2572 1640 2602 los
1669 2573 1740 2603 dias
1773 2583 1797 2612 y
1828 2573 1848 2604 á
1873 2577 1968 2606 todas
2004 2578 2104 2608 horas

1246 2613 1349 2642 desde
1367 2612 1398 2640 el
1419 2611 1484 2641 año
1507 2619 1579 2649 1521
1609 2621 1652 2642 en
1683 2621 1747 2650 que
1771 2614 1853 2644 vino
1896 2617 2103 2655 Magallanes

1247 2652 1263 2682 á
1283 2654 1369 2682 traer
1391 2651 1422 2680 la
1446 2649 1622 2682 soberanía
1654 2655 1814 2690 española
1834 2655 1928 2687 hasta
1953 2658 1983 2685 el
2012 2662 2101 2688 trece

1246 2693 1288 2721 de
1317 2693 1446 2730 Agosto
1471 2691 1513 2719 de
1542 2689 1613 2721 éste
1645 2695 1724 2724 año.
