2480 3507
1053 274 1097 303 La
1125 265 1265 302 Malasia

2003 277 2020 305 7

249 361 426 398 lizm.ente..
434 355 626 398 sec'pncjada
640 369 684 388 en
701 362 758 388 tan
772 360 1012 389 substancioso
1027 367 1112 395 pen¬

252 408 303 430 sar
319 409 379 437 por
404 409 448 432 lux
473 401 573 437 padre
596 401 637 428 de
654 394 690 432 ¡lá
704 401 791 428 clase
807 397 848 427 tai
874 406 935 429 vez
958 402 1000 427 de
1014 396 1114 433 aquel

252 447 317 475 que
342 433 546 476 aconsejaba
571 439 591 468 á
609 446 651 466 un
668 446 708 467 su
725 439 804 476 hijo,
816 445 883 473 que
905 436 1001 466 fuera
1016 436 1059 465 de
1080 430 1111 465 la

256 479 384 517 Iglesia,
403 485 527 518 poique
559 485 601 506 en
620 477 651 505 la
679 486 756 506 casa
781 477 821 505 de
847 476 941 513 Dios,
981 474 1113 505 cuando

249 525 316 548 ssno
332 517 455 554 llueve,
468 521 596 555 gotea».
627 533 636 537 -
645 517 686 553 Y,
698 525 756 549 .sin
782 520 953 546 meternos
976 523 1019 544 en
1044 513 1114 543 más

252 553 424 593 honduras
443 584 445 592 (
449 558 483 587 ni
498 557 617 594 .seguir
635 561 742 593 punto
768 564 828 593 por
846 558 953 594 punto
972 554 1023 585 los
1039 554 1115 585 mis¬

254 598 354 628 terios
394 602 435 629 de
460 596 489 627 la
518 596 726 627 incubación
760 595 943 627 monástica
966 595 1020 625 del
1042 593 1116 623 frair

254 637 508 680 lecitcj,,jarnos
526 635 543 666 á
568 637 776 675 presentarle
799 645 843 666 en
861 645 899 665 su
922 635 1160 675 manifesta^.','

253 679 334 712 cien
355 674 510 718 gípriosq,
540 677 705 708 haciendo
729 679 759 707 el
783 678 880 714 papel
898 677 939 706 de
967 676 1116 716 apacible

255 722 364 757 pastor
398 720 440 748 de
466 719 568 749 almas
595 726 650 752 .en,
674 717 706 747 el
724 712 848 757 pueblo
877 718 918 746 de
950 716 1025 746 A***

297 761 355 797 Eq,
363 776 366 794 :
373 761 403 787 el
422 760 553 797 .primer
583 760 650 787 año
671 757 717 787 .de
748 758 898 798 manejar
923 756 954 786 el
976 756 1115 796 cayado,

256 798 383 829 mostró
411 799 528 837 pasión
572 807 632 835 por
658 798 709 827 ios
734 799 894 835 pajaritos
929 805 951 836 y
983 805 1040 835 por
1070 797 1118 824 los

257 840 366 869 niños.
401 838 593 881 Compraba
623 837 640 867 á
667 842 782 876 peseta
806 838 921 876 limpia
944 836 995 875 los
1019 840 1117 875 paja¬

256 882 344 910 ritos,
359 879 411 909 de,
420 880 490 910 San
507 889 509 908 .
523 878 671 916 ¡\icolds,
703 878 839 917 cogidos
874 877 1043 909 mediante
1073 885 1122 906 re-

256 913 460 956 claniós,’.en
489 916 602 958 blt-gs,
630 919 673 948 de
711 922 792 950 caña
816 927 878 957 por
908 918 958 948 los
984 916 1120 949 mucha-
1151 945 1156 951 ,

256 960 339 992 chos
353 991 356 995 ,
368 960 436 992 del.
455 962 560 997 lugar,
593 967 657 997 que
686 967 721 991 se
757 959 965 997 disputaban
992 960 1023 988 la
1051 958 1122 994 pal-
1139 984 1141 986 .

256 1009 308 1031 ma
355 1001 396 1029 de
437 1008 539 1041 quien
581 996 610 1028 le
655 995 782 1029 llevase
824 1008 941 1036 mayor
980 997 1121 1028 número

256 1050 302 1073 en
321 1040 443 1081 jaulas,
479 1040 500 1071 ó
525 1049 568 1071 en
594 1040 700 1072 ristra.
741 1040 819 1072 Con
849 1040 883 1071 lo
915 1040 990 1072 cual
1024 1036 1123 1071 hacía

257 1091 321 1122 que
333 1075 386 1115 los
399 1082 517 1115 chicos
534 1090 571 1113 s.e
587 1083 815 1112 convirtiesen
831 1090 873 1112 en
888 1082 966 1111 todo
977 1083 1004 1112 el
1023 1083 1121 1112 santo

257 1122 312 1154 día
347 1124 398 1155 de.
413 1123 492 1156 I),ios
520 1122 653 1159 hecho?
667 1133 671 1156 •
682 1125 945 1161 maria-capras,
969 1121 1123 1157 saltando

259 1172 280 1202 y
313 1165 489 1199 corriendo
529 1163 570 1191 de
595 1162 652 1193 acá
684 1173 761 1200 para
790 1164 866 1201 allá,
902 1163 1058 1194 sudando
1093 1162 1124 1190 la

256 1209 335 1244 gota
362 1205 466 1244 garifa
491 1212 558 1232 con
580 1204 612 1232 el
628 1203 770 1234 dichoso
799 1205 904 1243 bitag,
932 1205 1124 1244 aguijonea¬

259 1247 325 1283 dos.
336 1265 337 1283 :
361 1254 426 1283 p.or
449 1247 482 1275 la
496 1243 617 1274 .futura
650 1245 794 1275 cosecha
815 1246 856 1274 de
880 1247 1023 1283 pesetas.

301 1287 343 1316 Al
365 1288 432 1316 año
455 1281 638 1323 siguiente,
671 1294 715 1323 ya
737 1294 793 1315 era
822 1285 853 1313 el
887 1286 976 1322 paño
1006 1287 1048 1315 de
1081 1284 1126 1314 lá¬

258 1328 393 1366 grimas,
414 1327 455 1360 de
478 1328 526 1354 las
551 1327 648 1354 niñas
671 1325 851 1356 huérfanas
875 1327 917 1354 de
937 1325 1030 1356 buen
1059 1325 1126 1362 pal¬

260 1369 351 1398 mito.
382 1368 519 1407 ¡Pobres
553 1365 661 1395 niñas!
694 1364 756 1396 Tal
788 1374 863 1403 vez,;
890 1365 993 1396 faltos
1019 1366 1061 1396 de
1093 1366 1126 1395 la

259 1406 394 1447 energía
425 1408 479 1438 del
505 1407 620 1444 padre,
635 1415 660 1445 y,
685 1406 724 1434 de
751 1406 782 1435 la
810 1410 946 1436 ternura
968 1407 1009 1435 de
1048 1406 1123 1436 solí¬

259 1451 325 1480 cita
353 1449 476 1483 madre,
509 1456 547 1477 se
567 1446 778 1483 desanimen,
805 1447 955 1483 yéndose
975 1446 1127 1479 derechi-

260 1493 310 1521 tas
347 1498 407 1525 por
438 1483 471 1519 el
502 1487 647 1518 sendero
676 1489 828 1517 tortuoso
867 1487 920 1516 del
948 1488 1024 1517 mal.
1065 1486 1127 1516 Tal

260 1538 330 1566 vez,
345 1529 509 1565 incitadas
537 1537 595 1564 por
623 1528 655 1556 la
689 1528 879 1558 naturaleza
902 1529 934 1557 al
959 1535 1063 1563 amor,
1089 1535 1124 1556 se

263 1571 381 1611 hagan,
396 1569 586 1600 facilitonas
609 1576 629 1606 y
652 1567 771 1603 salten,
797 1568 946 1600 llevadas
966 1568 1017 1600 de;
1036 1576 1127 1598 amo¬

264 1620 336 1643 rosa
356 1610 565 1650 pestilencia,
592 1617 653 1647 por
680 1608 768 1638 cima
790 1610 832 1638 de
860 1609 890 1638 la
924 1607 1128 1641 honestidad

266 1660 283 1687 y
310 1653 342 1684 la
362 1651 483 1681 virtud.
507 1650 580 1688 ¡Sin
606 1649 694 1679 duda
711 1657 775 1687 que
798 1649 830 1677 la
851 1649 946 1678 reina
980 1649 1057 1678 Mab
1081 1650 1128 1680 in¬

264 1691 399 1722 fectaría
420 1691 452 1719 el
472 1690 568 1719 lecho
584 1690 626 1718 de
659 1690 745 1718 estas
766 1687 925 1718 cándidas
954 1688 1125 1726 vírgenes,

261 1730 490 1769 despertando
515 1737 559 1757 en.
582 1729 664 1757 ellas
690 1731 803 1764 torpes
828 1728 962 1758 deseos!
994 1728 1026 1758 Y
1050 1737 1129 1766 para

264 1780 331 1810 que
358 1779 401 1800 no
424 1778 461 1799 se
483 1767 635 1798 infecten
665 1768 700 1797 ni
736 1776 774 1798 so
809 1768 971 1803 deslicen,
1009 1769 1045 1798 ni
1071 1768 1128 1799 ha¬

264 1821 331 1851 gan
356 1819 434 1841 cosa
464 1810 632 1839 contraria
664 1809 692 1838 al
730 1808 866 1845 decoro,
905 1817 987 1845 pues
1011 1810 1128 1839 tienen

265 1853 407 1890 consigo
454 1851 485 1879 el
527 1856 644 1888 mayor
696 1848 859 1886 enemigo:
907 1849 936 1878 la
986 1848 1128 1886 lozanía,

266 1893 297 1923 el
337 1892 407 1922 brío
448 1891 490 1919 de
517 1890 548 1918 la
591 1889 678 1923 vida;
725 1889 755 1918 la
789 1888 960 1924 juventud
989 1890 1131 1929 peligro¬

267 1932 392 1966 sísima,
426 1939 469 1960 en
497 1937 564 1958 una
598 1930 741 1965 palabra:
776 1927 794 1957 á
825 1927 928 1958 Santa
957 1929 1045 1960 Rosa
1069 1930 1088 1959 ó
1112 1929 1130 1959 á

267 1970 473 2006 Concordia,
506 1970 612 2005 niñas,
639 1969 657 1997 á
673 1976 846 2006 recogerse
878 1977 920 1997 en
947 1976 1022 1999 esos
1055 1978 1132 1999 cen-
1154 1995 1157 1998 .

270 2021 334 2045 tros
353 2014 393 2043 de
411 2011 568 2044 vestales,
590 2009 723 2038 viveros
736 2009 776 2037 de
789 2010 959 2039 recatadas
972 2018 995 2048 y
1009 2010 1132 2039 hones¬

269 2060 316 2086 tas
335 2051 517 2083 doncellas.
550 2049 580 2078 Y
602 2048 659 2079 allí
675 2052 791 2078 cuatro
817 2048 839 2077 ó
861 2050 959 2079 cinco
990 2054 1073 2080 años
1092 2051 1132 2079 de

271 2096 347 2125 vida
362 2093 486 2127 ociosa,
504 2090 627 2119 mucha
641 2089 806 2127 golosina,
826 2089 965 2128 poquito
982 2090 1022 2119 de
1036 2091 1132 2129 aguja

269 2144 289 2173 y
314 2133 474 2167 bordado,
503 2129 625 2158 mucho
637 2129 768 2157 brincar
795 2137 817 2165 y
836 2133 952 2159 cantar
974 2138 1071 2159 como
1081 2138 1133 2159 ca¬

270 2173 424 2208 landrias,
441 2169 602 2200 excesivo
617 2169 687 2204 lujo
701 2176 722 2205 y
741 2169 865 2199 mucha
877 2168 1006 2199 música
1028 2178 1050 2208 y
1065 2178 1135 2198 mu¬

272 2213 337 2243 cha
365 2210 479 2251 poesía
499 2209 736 2238 nocivamente
759 2208 893 2241 erótica,
913 2210 1081 2239 excusado
1100 2217 1135 2237 es

272 2254 364 2283 decir
389 2252 420 2281 la
436 2247 575 2289 picazón
597 2249 752 2277 ardorosa
767 2255 788 2285 y
816 2249 963 2278 martirio
990 2249 1136 2279 horrible

273 2302 336 2331 que
349 2289 549 2330 padecerían
568 2290 596 2316 si
615 2296 651 2316 se
665 2288 865 2325 prolongara
881 2297 920 2317 su
938 2290 1132 2318 cautiverio.

272 2333 337 2364 Sus
348 2329 624 2367 imaginaciones,
649 2328 856 2358 encendidas
872 2329 918 2357 tal
932 2336 991 2357 vez
1008 2337 1068 2366 por
1085 2330 1135 2357 los

271 2373 446 2412 aguije.:.^
467 2370 510 2398 de
531 2367 566 2396 lo
594 2366 786 2397 misterioso
813 2377 834 2404 y
855 2367 897 2398 de
920 2369 951 2398 la
963 2369 1136 2398 abstinen¬

272 2414 333 2450 cia,
367 2410 538 2441 avivarían
560 2414 602 2436 en
630 2406 711 2436 ellas
733 2408 763 2436 el
784 2408 887 2438 deseo
906 2409 947 2437 de
970 2408 1003 2436 lo
1022 2409 1136 2438 desco¬

271 2453 406 2485 nocido.

317 2494 365 2522 En
385 2493 491 2527 tanto,
516 2486 545 2520 e'-
576 2495 679 2517 suave
707 2490 821 2523 pastor
853 2495 897 2516 no
934 2486 1068 2517 andaba
1091 2495 1138 2515 re¬

275 2533 361 2563 miso
387 2540 432 2560 en
469 2531 501 2559 el
538 2526 794 2564 cumplimiento
828 2527 871 2556 de
893 2535 951 2556 sus
979 2527 1134 2556 deberes.

278 2573 343 2603 Por
359 2571 400 2601 de
416 2573 536 2608 pronto
554 2576 593 2597 su
615 2575 706 2596 mesa
728 2576 783 2597 era
807 2566 901 2596 harto
939 2566 1046 2604 mejor
1075 2566 1138 2595 col¬

276 2612 374 2643 mada
393 2617 462 2648 que
490 2611 524 2638 la
555 2609 661 2637 venta
683 2606 738 2635 del
765 2605 921 2645 huésped
947 2615 992 2636 en
1022 2607 1055 2637 el
1082 2607 1136 2635 In¬

272 2654 415 2692 genioso
439 2647 606 2686 Hidalgo.

315 2691 426 2722 Como
449 2700 505 2720 era
530 2689 623 2718 buen
647 2686 787 2717 cazador
813 2694 836 2724 y
865 2687 935 2716 casi
971 2686 1138 2724 opulento

275 2733 501 2770 banquero....
535 2737 614 2767 ¡que
636 2728 677 2755 de
702 2735 869 2765 pajarreos
904 2727 959 2756 del
981 2735 1062 2762 aire,
1098 2727 1140 2755 do

275 2779 356 2801 aves
378 2771 421 2798 de
434 2769 464 2801 la
493 2769 591 2799 tierra
611 2775 634 2805 y
655 2767 697 2795 de
720 2767 883 2804 pescados
907 2765 964 2795 del
987 2774 1057 2796 mar
1083 2766 1139 2796 ha¬

278 2810 331 2841 bía
365 2808 444 2843 allí!,
481 2808 640 2839 teniendo
671 2805 741 2836 más
764 2807 805 2836 de
839 2807 873 2837 lo
903 2814 968 2842 que
1008 2813 1053 2836 no
1081 2815 1138 2835 en¬

276 2851 438 2881 contraba
459 2848 591 2879 Sancho
621 2856 664 2878 en
692 2846 724 2876 la
737 2848 851 2880 venta,
880 2846 898 2876 á
919 2845 1025 2876 saber:
1050 2846 1139 2884 polla

277 2891 395 2927 tierna,
415 2892 549 2920 ternera
568 2886 590 2919 ó
617 2886 755 2924 cabrito,
780 2887 907 2925 tocino,
932 2886 1075 2923 huevos,
1100 2886 1138 2916 li¬

277 2939 370 2961 cores
397 2938 420 2967 y
442 2931 524 2960 vino
545 2935 709 2966 generoso
736 2927 753 2957 á
780 2929 884 2964 pasto.
906 2927 1106 2965 Agregúese
1120 2925 1137 2955 á

280 2974 353 2999 esto
378 2977 446 2997 uno
467 2968 647 2998 biblioteca
665 2974 731 3003 que
753 2966 870 2995 abraza
891 2965 994 2994 desde
1016 2967 1049 2994 lo
1070 2965 1138 2995 más

279 3007 561 3045 teológicamente
585 3005 747 3035 revesado
773 3003 871 3035 hasta
892 3005 924 3032 lo
948 3002 1017 3033 más
1046 3004 1138 3034 desa¬

279 3046 561 3083 poderadamente
588 3042 791 3080 afrodisíaco,
829 3053 851 3081 y
875 3051 943 3072 una
976 3041 1140 3080 holganza

1222 1322 1391 1360 completa
1414 1330 1436 1358 y
1459 1319 1515 1349 mil
1530 1318 1712 1348 excitantes
1736 1327 1759 1354 y
1776 1316 1970 1355 aperitivos,
1997 1324 2019 1352 y
2037 1313 2083 1344 dí¬

1223 1372 1302 1404 gase
1320 1363 1354 1393 si.
1366 1369 1411 1391 no
1432 1360 1464 1390 el
1479 1357 1551 1389 más
1571 1358 1709 1389 bendito
1726 1356 1913 1388 reverendo
1927 1356 2015 1387 sería
2032 1363 2085 1386 ca¬

1225 1413 1284 1444 paz
1299 1404 1340 1432 de
1359 1400 1461 1432 hacer
1487 1400 1631 1429 locuras.
2033 1417 2037 1428 ,

1264 1441 1548 1474 Procedimientos
1568 1438 1653 1469 tales
1676 1446 1759 1468 eran
1788 1445 1832 1466 en
1859 1436 1985 1468 verdad
2011 1443 2086 1473 pro¬

1227 1488 1299 1524 pios
1317 1483 1359 1513 de
1385 1491 1432 1514 un
1461 1482 1633 1517 corruptor
1667 1479 1708 1508 de
1740 1485 1891 1515 menores
1918 1486 1944 1515 y.
1969 1484 2005 1506 su
2034 1482 2101 1504 re-.,

1225 1523 1383 1558 vefencia
1408 1519 1456 1551 así
1480 1520 1512 1549 lo
1525 1518 1697 1554 entendía:
1714 1526 1794 1554 pero
1817 1525 1915 1547 come
1931 1525 1996 1545 era.
2004 1522 2086 1552 muy
2095 1535 2100 1546 ,

1222 1565 1393 1598 libertino,
1414 1560 1562 1600 aguzaba
1582 1560 1614 1590 el
1633 1558 1750 1598 magín,
1768 1557 1787 1588 á
1813 1558 2086 1592 veridp-ericoin-

1224 1611 1290 1639 trar
1311 1610 1450 1636 razones
1481 1601 1673 1640 poderosas,
1720 1598 1862 1637 siquiera
1879 1597 2007 1632 ¡fuesen
2030 1603 2084 1626 so¬

1223 1650 1346 1682 fismas,
1381 1651 1448 1681 que
1469 1641 1636 1671 acallasen
1657 1641 1708 1669 los
1739 1642 1843 1677 gritos
1867 1637 1907 1666 de
1941 1646 1979 1667 -su
2007 1644 2085 1667 con¬

1224 1686 1352 1718 ciencia
1387 1692 1451 1721 que
1486 1682 1780 1711 constantemente
1824 1678 1854 1707 le
1906 1676 2087 1714 predicaba

1226 1727 1343 1759 moral.

1267 1763 1371 1801 Echó,
1385 1771 1477 1800 pues,
1496 1768 1595 1791 mano
1618 1759 1659 1787 de
1677 1766 1732 1788 sus
1758 1756 1911 1787 variadas
1941 1754 2082 1785 lecturas

1229 1811 1297 1846 (era
1317 1805 1393 1843 algo
1430 1802 1559 1833 erudito
1587 1807 1624 1830 su
1655 1796 1865 1834 reverencia)
1890 1805 1910 1829 y
1942 1802 1975 1826 se
2011 1794 2085 1824 hizo

1228 1851 1316 1880 estas
1340 1846 1491 1875 cuentas:

1270 1888 1348 1918 Don
1383 1884 1470 1921 Juan
1503 1880 1639 1914 Valera,
1676 1879 1707 1908 el
1752 1876 1915 1906 deleitoso
1945 1883 1965 1912 y
2001 1874 2088 1904 ático

1230 1928 1376 1961 escritor,
1402 1924 1493 1953 tiene
1511 1929 1578 1950 una
1596 1919 1718 1949 novela
1736 1916 1876 1947 titulada
1908 1916 2004 1945 Doña

1230 1968 1346 1998 donde
1373 1964 1531 2003 presenta
1553 1961 1571 1990 á
1597 1966 1644 1990 un
1668 1959 1703 1987 P.
1731 1956 1885 1995 Enrique,
1910 1956 1941 1984 el
1965 1954 2037 1983 cual
2059 1947 2095 1981 sé

1229 2004 1372 2040 reventó
1405 2012 1465 2042 por
1497 2009 1586 2031 unos
1615 2006 1748 2029 amores
1780 1996 1928 2026 callados
1962 2002 2029 2023 con
2062 1994 2092 2021 la

1232 2048 1319 2080 mala
1350 2043 1472 2084 pécora
1492 2042 1535 2074 de
1557 2039 1646 2069 doña
1666 2040 1737 2069 Luz.
1768 2035 1947 2074 Reprueba
1964 2033 1993 2063 la
2012 2041 2094 2063 con¬

1230 2090 1333 2119 ducta
1366 2085 1409 2116 de
1436 2085 1507 2115 este
1534 2081 1637 2118 pobre
1667 2078 1769 2116 padre
1797 2085 1815 2110 y
1847 2077 1876 2105 le
1909 2077 1991 2104 atiza
2025 2080 2093 2102 una

1231 2126 1375 2158 homilía
1401 2133 1446 2154 en
1473 2131 1511 2153 su
1544 2118 1688 2158 prólogo
1713 2115 1869 2147 diciendo
1894 2114 1965 2143 más
1990 2112 2012 2141 ó
2029 2119 2099 2142 me¬

1234 2176 1298 2198 nos
1326 2173 1390 2203 que
1425 2164 1457 2193 el
1478 2162 1514 2191 P.
1540 2158 1686 2194 Enrique
1708 2155 1807 2186 debía
1837 2154 1946 2190 seguir
1973 2152 2022 2180 los
2045 2159 2097 2179 sa¬

1232 2206 1384 2237 ludables
1417 2200 1576 2238 consejos
1607 2197 1649 2227 de
1676 2196 1780 2226 Micer
1817 2191 1928 2223 Piétró
1956 2191 2095 2220 Bembo:

1229 2248 1346 2286 juntar
1372 2252 1415 2274 en
1440 2243 1473 2272 la
1497 2240 1612 2270 mente
1628 2235 1770 2266 muchas
1792 2233 2014 2266 hermosuras,
2045 2238 2097 2258 re¬

1233 2285 1378 2318 ducirlas
1407 2284 1426 2314 á
1449 2288 1520 2312 üna
1552 2278 1635 2313 sola,
1663 2285 1685 2315 y
1715 2273 1840 2304 formar
1866 2269 2000 2310 aquélla
2033 2277 2099 2308 que

1235 2326 1331 2357 sobre
1358 2325 1392 2355 la
1412 2319 1601 2353 naturaleza
1626 2325 1663 2345 se
1688 2314 1843 2345 extiende
1873 2320 1893 2349 y
1935 2310 2096 2340 derrama.

1236 2366 1296 2397 Así
1322 2362 1448 2395 viviría
1470 2369 1515 2390 en
1539 2359 1640 2396 plena
1663 2353 1887 2384 convivencia
1908 2358 1972 2380 con
1993 2350 2025 2378 la
2046 2356 2100 2377 so¬

1233 2409 1360 2437 berana
1384 2404 1593 2435 hermosura,
1618 2404 1661 2425 en
1678 2393 1810 2432 plácida
1838 2390 1987 2422 beatitud
2010 2398 2025 2424 y
2050 2396 2100 2417 se¬

1233 2444 1374 2477 renidad
1399 2443 1494 2474 fuera
1527 2438 1570 2468 de
1600 2437 1651 2466 ios
1682 2434 1962 2464 desabrimientos
1988 2438 2010 2466 y
2035 2429 2097 2458 tre¬

1236 2487 1378 2517 mendos
1405 2482 1495 2512 celos
1511 2486 1575 2516 que
1596 2484 1721 2507 causan
1743 2474 1773 2503 la
1792 2476 1918 2502 muerte
1936 2470 1964 2501 ai
1984 2467 2100 2498 mortal

1235 2524 1440 2556 enamorado
1458 2517 1770 2550 desatinadamente
1791 2513 1832 2542 de
1846 2513 1895 2541 las
1917 2507 2098 2540 terrenales

1238 2567 1467 2596 hermosuras.

1276 2606 1360 2636 Pero
1397 2606 1517 2632 vamos
1552 2596 1568 2626 á
1601 2597 1739 2625 cuentas
1779 2591 1816 2624 D.
1848 2587 2100 2627 Juan—diserta

1235 2654 1277 2678 su
1297 2637 1584 2675 revecencia—V.
1606 2642 1643 2667 es
1664 2642 1710 2663 un
1728 2633 1912 2662 humorista
1929 2625 2099 2660 escéptico

1234 2696 1258 2724 y
1284 2681 1421 2716 además
1444 2677 1588 2710 hombre
1610 2682 1691 2711 muy
1720 2673 1902 2705 mundano:
1942 2672 2041 2703 luego
2077 2664 2096 2693 á

1236 2726 1278 2755 V.
1301 2733 1346 2753 no
1373 2730 1410 2752 se
1434 2721 1467 2749 le
1495 2717 1580 2748 debe
1601 2722 1692 2745 creer
1716 2721 1794 2751 para
1817 2709 1900 2742 nada
1926 2717 1946 2738 v
1968 2715 2009 2735 vo
2032 2713 2096 2743 que

1235 2773 1299 2802 soy
1327 2769 1409 2800 muy
1431 2759 1511 2797 saje,
1531 2756 1630 2790 lince,
1655 2761 1699 2782 no
1723 2759 1776 2782 me
1797 2750 1874 2789 dejo
1900 2744 2099 2785 sorprender

1235 2811 1299 2843 por
1313 2811 1368 2833 sus
1380 2797 1582 2831 humoradas
1599 2795 1744 2828 bonitas,
1769 2798 1853 2829 pues
1872 2788 1915 2821 V,
1933 2794 1970 2817 se
1985 2791 2100 2821 parece

1236 2846 1268 2876 al
1300 2842 1410 2874 diablo
1449 2846 1514 2879 que
1546 2832 1678 2874 predica
1714 2832 1809 2862 harto
1847 2830 1888 2859 de
1921 2834 2022 2856 carne
2070 2822 2100 2854 Y

1236 2891 1314 2923 para
1335 2891 1381 2914 no
1414 2887 1467 2911 ser
1492 2886 1537 2918 yo
1568 2881 1687 2906 menos
1715 2881 1781 2911 que
1810 2870 1842 2900 V
1881 2861 2055 2906 predicaré
2081 2871 2100 2893 v

1236 2922 1352 2955 obraré
1399 2920 1548 2950 también
1589 2916 1744 2950 después,
1780 2909 1914 2941 cuando
1961 2914 2001 2944 ya
2028 2901 2100 2933 esté

1237 2963 1332 2994 ahito
1354 2962 1396 2990 de
1424 2960 1458 2989 lo
1480 2955 1708 2995 pecaminoso.
1741 2952 1823 2980 Dios
1846 2956 1899 2979 me
1922 2947 1967 2976 ha
1991 2942 2102 2973 hecho

1239 2991 1280 3032 de
1310 3001 1408 3030 barro
1426 2995 1605 3028 hirviendo
1627 3001 1648 3028 y
1674 2999 1716 3029 yo
1744 2998 1789 3019 no
1813 2992 1914 3025 tengo
1940 2987 1972 3014 la
2003 2982 2102 3027 culpa

1240 3042 1282 3070 de
1304 3041 1400 3068 tener
1427 3043 1493 3066 una
1506 3030 1694 3064 naturaleza
1706 3028 1766 3058 así.
1796 3028 2007 3057 Ademas.es
2032 3019 2105 3057 pól-
