2480 3507
1046 240 1092 267 La.
1121 239 1259 267 Malasia

1997 249 2014 276 9

238 338 265 360 -y
289 329 320 357 ie
352 328 468 356 hacían
499 327 563 356 reir
595 335 693 355 como
721 335 767 355 un
797 326 887 354 bobo
903 325 1098 354 mostrando

241 369 337 398 hasta
357 368 404 394 las
433 367 558 394 muelas
586 366 650 402 delj
674 366 773 394 uicio.
823 364 903 402 ¡Ah!
923 363 1018 392 decía
1040 370 1098 398 po¬

242 405 406 434 niéndose
422 404 507 433 sério
554 411 597 433 no
641 405 753 440 hagáis
788 411 856 435 eso,
874 411 908 431 es
926 401 1053 438 pecado

243 444 289 481 tú,
318 442 477 481 arréglate
507 451 562 472 esa
584 451 742 481 manga...
771 450 816 471 no
833 441 965 469 chilléis
989 442 1095 474 tanto,

242 483 432 519 chiquillas.
454 505 458 509 .
499 482 653 519 dejadme
692 490 756 519 que
775 489 828 509 me
845 479 961 508 habéis
977 479 1019 507 de
1045 487 1098 506 as¬

241 523 337 552 fixiar
355 543 375 550 ..
420 522 513 551 hasta
536 530 602 559 que
617 522 792 556 cansadas,
811 519 842 547 le
865 518 1009 556 dejaban
1026 525 1048 555 y
1063 525 1100 545 se

242 562 406 592 sentaban
424 562 441 591 á
461 567 567 590 tomar
583 560 718 596 aliento,
743 559 896 598 posando
913 559 960 587 las
974 557 1103 595 gracio¬

243 612 294 632 sas
309 602 444 632 cabezas
461 602 559 632 sobre
578 601 608 630 el
621 601 744 631 blanco
767 600 915 629 bordado
937 607 1002 636 que
1017 597 1101 636 tapi¬

236 644 320 675 zaba
342 643 390 672 las
416 642 505 671 sillas

284 685 331 713 En
361 683 471 712 medio
501 684 542 711 de
567 682 597 711 la
615 681 755 711 retirada
780 680 925 709 estancia
946 679 1015 718 hay
1035 687 1103 707 una

245 724 364 754 mesita
390 724 430 751 de
461 720 596 752 mármol
614 721 846 751 descansando
868 720 967 749 sobre
990 718 1106 748 alfom¬

243 766 302 793 bra
328 764 368 793 de
391 763 555 791 estambre
578 761 691 791 donde
719 770 754 790 se
780 760 914 789 destaca
942 761 974 788 la
996 759 1103 797 figura

242 806 439 841 imponente
466 803 507 832 de
539 810 584 831 un
615 803 696 832 fiero
725 802 814 830 león.
853 802 958 829 Sobre
985 800 1017 829 la
1040 808 1105 828 mu¬

243 846 315 880 sita,
339 851 383 872 un
412 842 532 871 florero
556 842 596 871 de
620 842 731 871 cristal
758 841 798 870 de
824 842 888 869 tres
912 840 1029 878 gradas
1049 849 1105 869 cu¬

243 885 367 913 biertas
393 884 432 912 de
468 882 591 912 frescas
624 882 858 920 sampagritas,
892 880 1048 910 nadando
1084 887 1108 917 y

243 924 410 953 brillando
445 931 541 951 como
579 932 678 960 ampo
708 923 747 951 de
780 922 879 951 nieve
918 921 1017 950 sobre
1059 929 1107 949 un

243 965 320 1001 lago
351 964 393 991 de
416 964 537 992 verdes
567 964 697 1000 yerbas,
725 972 789 999 que
814 961 858 990 tal
891 969 1034 998 parecen
1058 961 1109 988 las

244 1004 340 1042 hojas
372 1004 412 1031 de
437 1012 544 1040 papua
571 1011 634 1041 que
665 1004 805 1032 rebosan
838 1001 878 1030 de
913 1002 963 1030 los
987 1000 1109 1030 bordes

245 1046 299 1075 ■del
327 1044 453 1078 florero;
498 1053 563 1075 una
600 1044 721 1075 botella
753 1043 807 1074 del
841 1042 992 1073 ardiente
1025 1041 1108 1072 vino

246 1088 287 1115 de
301 1086 391 1123 Jerez
415 1095 490 1122 que,
519 1085 602 1115 diría
618 1086 649 1114 el
671 1086 782 1123 pidre,
809 1093 843 1113 es
860 1085 889 1113 el
912 1082 1110 1113 mismísimo

244 1128 286 1156 de
298 1127 389 1164 Jerez
402 1135 465 1163 que
481 1127 569 1156 lleva
582 1142 589 1146 -
604 1126 711 1163 según
727 1124 1053 1155 Castelar—disuelto
1067 1133 1110 1152 en

248 1176 304 1197 sus
331 1166 458 1196 átomos
482 1168 523 1196 de
542 1174 601 1195 oro
629 1167 801 1203 partículas
823 1165 877 1194 del
904 1166 955 1195 sol
981 1166 1022 1195 de
1046 1165 1112 1193 An¬

246 1206 375 1237 dalucía
404 1215 483 1244 para
509 1207 656 1236 calentar
680 1208 728 1236 las
754 1214 860 1235 venas
893 1207 933 1234 de
962 1206 1011 1234 los
1041 1207 1112 1234 ate¬

247 1250 335 1277 ridos
365 1246 449 1285 hijos
491 1248 546 1276 del
579 1245 690 1280 Norte;
730 1247 791 1277 dos
815 1247 923 1284 platos
953 1247 994 1275 de
1036 1253 1111 1282 por¬

246 1289 341 1317 celan
351 1299 359 1315 i
384 1287 547 1325 japonesa
574 1287 801 1316 conteniendo
835 1287 1033 1324 primorosos
1053 1285 1112 1313 ho¬

246 1330 371 1367 jaldres
403 1336 468 1365 que
497 1336 530 1357 se
556 1327 725 1357 deshacen
750 1337 791 1357 en
811 1327 842 1356 la
864 1328 947 1357 boca
965 1335 984 1371 y
999 1328 1112 1363 pastas

248 1370 289 1397 de
315 1368 488 1397 almendra
515 1368 773 1406 espolvoreadas
796 1376 861 1397 con
882 1365 998 1396 azúcar
1016 1366 1112 1395 blan¬

248 1408 404 1447 quísimo;
435 1417 456 1446 y
483 1417 551 1437 una
575 1408 700 1438 batería
723 1410 764 1437 de
796 1416 897 1445 copas
917 1407 1111 1444 aplanadas,

250 1450 371 1485 azules,
408 1457 472 1477 con
503 1449 575 1485 pies
599 1449 639 1477 de
660 1449 811 1478 amarillo
838 1448 982 1485 topacio,
1008 1447 1040 1476 ti
1061 1455 1116 1483 pa¬

250 1491 306 1519 dre
335 1487 427 1517 llenó
455 1489 504 1517 las
536 1497 635 1525 copas
664 1490 705 1517 de
730 1497 894 1526 generoso
926 1488 1009 1517 vino
1041 1495 1117 1524 para

253 1538 316 1568 que
348 1537 383 1559 se
413 1529 444 1557 lo
486 1532 635 1559 tomaran
673 1538 733 1558 con
775 1530 824 1558 los
854 1528 1033 1558 bizcochos
1069 1528 1117 1556 las

250 1572 357 1599 niñas.
389 1569 481 1597 Estas
508 1570 657 1609 mojaron
684 1579 725 1598 en
750 1572 778 1598 e!
797 1577 896 1598 áureo
921 1568 1048 1607 líquido
1071 1568 1119 1596 las

251 1612 405 1640 sabrosas
436 1612 557 1647 pastas,
591 1618 679 1638 cuvo
707 1611 811 1647 polvo
839 1607 995 1639 enturbió
1015 1607 1118 1646 algún

252 1655 344 1679 tanto
386 1650 415 1677 el
443 1651 532 1685 licor,
577 1649 730 1687 bajando,
764 1649 909 1686 después
935 1651 977 1678 de
997 1649 1122 1677 formar

253 1691 411 1727 pequeño
426 1691 601 1721 remolino,
620 1690 651 1718 al
667 1689 784 1719 fondo.
809 1690 843 1718 El
866 1689 974 1717 claror
995 1688 1049 1718 del
1070 1688 1121 1717 sol

252 1730 447 1759 atravesaba
480 1731 529 1757 los
557 1729 682 1757 vidrios
713 1731 754 1757 de
782 1730 911 1757 colores
935 1738 999 1765 que
1024 1736 1121 1765 guar¬

253 1768 374 1799 necían
398 1768 428 1797 la
450 1768 599 1798 estancia
614 1777 635 1805 y
655 1768 743 1798 teñía
758 1769 799 1797 de
822 1768 927 1806 ligero
947 1768 1028 1797 tinte
1047 1775 1121 1795 ver¬

254 1811 336 1839 doso
372 1810 423 1838 los
454 1810 559 1839 bellos
594 1813 719 1838 rostros
749 1810 790 1838 de
825 1809 873 1837 las
903 1807 1120 1843 muchachas,

253 1850 440 1879 reclinadas
468 1850 762 1879 indolentemente
791 1857 834 1878 en
857 1849 909 1877 los
935 1850 1037 1882 sotas,
1062 1856 1122 1877 au¬

256 1891 441 1919 mentando
471 1890 503 1918 la
532 1890 795 1926 voluptuosidad
821 1890 861 1917 de
881 1889 912 1917 la
941 1887 1122 1918 atmósfera

255 1939 321 1966 que
342 1928 453 1959 cernía
481 1931 578 1959 sobre
592 1930 622 1958 la
638 1938 789 1958 amorosa
806 1928 961 1963 estancia,
979 1936 1122 1957 conver¬

257 1970 325 1998 tida
339 1973 503 1998 entonces
519 1978 561 1998 en
576 1968 678 1999 harén
695 1970 734 1997 de
748 1969 925 1999 orientales
950 1968 1121 1998 beldades.

299 2011 342 2038 Al
375 2010 548 2038 escanciar
590 2010 619 2037 el
660 2010 753 2045 vino,
792 2008 910 2046 juraba
952 2017 1017 2047 que
1049 2007 1124 2036 veía

256 2057 365 2079 correr
392 2049 422 2078 al
455 2048 563 2079 través
591 2050 633 2078 de
661 2050 707 2078 las
739 2049 814 2079 bien
841 2050 1019 2078 torneadas
1053 2056 1123 2081 gar¬

263 2093 383 2128 gantas
410 2089 440 2117 el
464 2090 590 2118 dorado
613 2088 753 2126 líquido;
785 2096 802 2124 y
823 2090 866 2117 tal
895 2088 996 2118 debía
1010 2088 1051 2117 de
1074 2096 1126 2116 ser

262 2139 300 2158 su
333 2129 446 2157 dulzor
474 2138 538 2166 que
565 2130 614 2157 lis
639 2129 750 2157 ninfas
779 2126 935 2157 cerraban
968 2132 1017 2157 los
1049 2128 1123 2164 ojos

261 2176 357 2197 como
387 2176 461 2203 para
489 2171 766 2197 reconcentrarse
797 2175 817 2204 y
844 2168 1033 2203 paladearle
1056 2175 1126 2194 me¬

259 2209 323 2245 jor.
350 2206 410 2235 Las
439 2207 550 2236 sienes
579 2207 694 2236 ardían
723 2217 742 2241 y
758 2214 813 2236 sus
831 2206 938 2235 labios
957 2206 1125 2235 húmedos

261 2257 279 2285 y
303 2247 413 2275 medio
444 2247 588 2276 abiertos
613 2247 735 2284 pedían
767 2247 840 2285 algo
872 2255 938 2283 que
968 2247 999 2274 el
1024 2246 1126 2282 padre

261 2286 466 2316 enamorado
492 2295 529 2315 se
550 2286 709 2325 apresuró
730 2288 747 2316 á
772 2288 831 2315 dar
848 2286 1068 2322 estampando
1085 2293 1129 2313 en

262 2327 344 2355 ellos
373 2331 463 2355 casto
498 2327 590 2363 beso,
620 2327 822 2364 recogiendo
848 2326 879 2354 el
915 2324 1029 2355 néctar
1052 2333 1127 2362 que,

263 2374 366 2404 según
461 2366 550 2396 sabía
577 2367 682 2405 mejor
710 2375 773 2403 que
796 2366 822 2394 la
841 2365 1010 2395 ambrosía
1025 2365 1065 2393 de
1081 2365 1130 2392 los

262 2406 370 2435 dioses
396 2406 451 2434 del
478 2406 627 2444 Olimpo,
655 2405 854 2436 escanciada
877 2413 936 2441 por
966 2407 997 2434 la
1015 2404 1131 2434 divina

266 2456 285 2484 y
316 2446 471 2475 hermosa
495 2445 590 2476 Hebé
615 2446 633 2475 á
656 2447 706 2475 los
729 2445 924 2475 inmortales

305 2485 444 2515 Sentían
479 2487 699 2516 abrumadora
717 2486 855 2523 pesadez
881 2494 922 2512 en
946 2485 978 2512 la
1001 2483 1130 2518 cabeza;

265 2526 477 2554 entornaban
494 2527 544 2555 los
564 2526 634 2563 ojos
663 2535 704 2564 ya
732 2524 896 2555 sombríos
921 2532 941 2561 y
965 2530 1065 2559 sopor
1086 2524 1135 2550 in¬

265 2564 423 2593 definible
454 2565 586 2594 invadía
612 2566 643 2594 lo
672 2566 740 2594 más
765 2564 927 2602 profundo
955 2564 996 2592 de
1022 2570 1061 2591 su
1083 2570 1137 2590 ser

264 2604 539 2635 anonadándolas
569 2614 628 2642 por
658 2606 837 2641 completo.
869 2604 916 2633 Su
943 2601 1135 2632 reverencia

264 2645 312 2674 las
344 2644 469 2674 miraba
508 2654 569 2675 con
606 2646 758 2676 cariñosa
778 2645 911 2674 mirada,
943 2642 1134 2672 encantado

266 2685 306 2713 de
329 2685 359 2714 la
374 2684 500 2714 lozanía
514 2685 677 2723 lujuriosa
701 2686 743 2714 de
772 2693 829 2714 sus
857 2683 995 2717 formas,
1021 2682 1061 2711 de
1079 2690 1135 2711 sus

266 2726 439 2762 turgentes
473 2726 599 2761 pechos
627 2734 649 2753 v
674 2726 716 2753 de
739 2733 797 2753 sus
825 2732 926 2752 senos
949 2724 990 2751 de
1010 2730 1057 2751 un
1080 2731 1138 2750 an¬

266 2763 360 2793 helar
387 2772 427 2800 ya
444 2763 587 2803 fatigoso
603 2773 667 2801 que
683 2762 855 2793 destruían
872 2772 891 2800 y
906 2762 1058 2791 echaban
1079 2769 1138 2797 por

267 2804 365 2833 tierra
400 2804 474 2832 toda
505 2814 542 2833 su
559 2803 696 2834 filosofía
729 2813 749 2842 y
773 2802 919 2842 teología
937 2801 1138 2839 aprendidas

265 2852 287 2880 y
304 2845 334 2873 le
348 2843 467 2874 hacían
483 2853 584 2875 nacer
605 2845 635 2874 el
658 2846 759 2874 deseo
783 2845 824 2873 de
847 2852 908 2880 ser,
930 2851 970 2872 en
986 2845 1040 2871 tan
1058 2849 1138 2878 apu¬

266 2884 348 2914 rado
378 2886 504 2919 trance,
534 2884 662 2923 Júpiter
691 2887 826 2914 touante
858 2893 921 2921 que
945 2881 1138 2912 infundiese

268 2924 283 2951 á
318 2924 368 2953 los
392 2925 592 2955 indiscretos
630 2925 786 2953 mortales
822 2924 986 2952 deleitoso
1034 2924 1138 2950 sueño

269 2971 348 2997 para
374 2971 441 2999 que
468 2973 513 2992 no
541 2967 705 2993 contasen
730 2965 761 2991 al
778 2964 906 2991 mundo
929 2971 987 2991 sus
1009 2969 1139 2989 amores

270 3010 337 3029 con
359 3002 508 3038 aquellas
527 3005 642 3039 Mayas
655 3005 711 3031 tan
734 3002 977 3031 encantadoras
992 3008 1089 3030 como
1108 3000 1139 3027 la

1192 324 1305 352 madre
1321 325 1376 352 del
1397 323 1492 352 lírico
1514 324 1639 357 divino,
1657 323 1729 352 dios
1746 324 1787 352 de
1802 325 1831 353 la
1847 324 2053 353 elocuencia.

1234 362 1264 391 Y
1286 371 1381 390 como
1396 365 1481 391 estos
1502 364 1603 390 trotes
1619 363 1660 390 de
1675 370 1712 391 su
1725 364 1916 391 reverencia
1935 362 2060 398 podían

1194 403 1282 430 estar
1310 409 1351 428 en
1381 408 1495 438 pugna
1529 409 1593 428 con
1631 401 1762 438 aquella
1801 401 1976 430 sentencia
2006 401 2061 429 del

1197 438 1342 475 Espíritu
1371 439 1475 468 Santo
1509 439 1617 468 Nolite
1634 442 1771 476 tangere
1785 440 1939 468 Christos
1956 447 2058 472 meos,

1197 486 1280 514 pues
1309 478 1445 515 gustaba
1488 476 1519 505 él
1555 487 1577 515 y
1618 477 1764 515 apetecía
1801 478 2057 514 contravenirla,

1198 516 1363 554 prometió
1382 516 1519 546 escribir
1533 516 1755 547 extensísimo
1779 517 1864 547 libro
1885 517 1996 546 donde
2015 517 2060 546 ha

1198 558 1239 586 de
1258 558 1384 594 quedar
1398 558 1466 586 más
1481 565 1547 590 que
1563 558 1711 591 probado
1727 566 1789 593 por
1801 567 1847 587 un
1863 557 2059 587 sinnúmero

1199 598 1241 626 de
1254 596 1440 634 silogismos
1449 605 1471 635 y
1478 598 1812 635 argumentationum
1824 599 2061 634 cornutarum,

1199 645 1263 677 que
1290 637 1319 666 la
1346 636 1515 667 sentencia
1546 646 1590 667 no
1610 647 1643 667 se
1669 639 1898 675 contravenía,
1922 638 1955 667 ni
1978 637 2062 667 nada

1199 676 1289 708 tenía
1311 686 1374 715 que
1402 686 1472 713 ver,
1503 677 1535 705 ni
1565 678 1716 716 quedaba
1736 679 1902 717 derogada
1926 687 1988 715 por
2010 678 2061 706 los

1199 717 1421 748 deshonestos
1447 718 1666 748 tocamientos
1691 727 1757 755 que
1779 728 1815 748 se
1850 717 2000 755 permitía
2026 726 2063 746 su

1201 757 1406 793 reverencia,
1433 764 1496 795 por
1525 758 1553 784 el
1592 760 1767 795 contrario,
1798 767 1832 787 se
1864 758 2022 788 afirmaba
2044 766 2068 796 y

1203 797 1351 834 adquiría
1375 806 1490 833 mayor
1504 797 1594 826 valer
1605 806 1665 835 por
1680 807 1736 828 eso
1754 798 1869 828 mismo
1884 799 1914 828 la
1932 799 1976 827 tal
1989 806 2066 827 sen¬

1202 837 1322 874 tencia,
1350 832 1459 867 Nolite
1485 838 1624 875 tangere
1647 838 1802 869 Christos
1825 846 1924 868 meos.

1720 878 1754 907 E.
1782 878 1813 908 S.
1842 879 2026 908 Cristóbal.

1406 1003 1877 1033 UNA DESPEDIDA
1246 1164 1282 1190 La
1306 1161 1403 1188 noche
1428 1168 1475 1186 era
1496 1159 1588 1187 triste,
1623 1159 1753 1193 lóbrega,
1775 1168 1861 1186 como
1883 1160 1905 1187 si
1930 1160 1954 1186 la
1981 1164 2065 1186 natu¬

1211 1200 1304 1227 raleza
1325 1207 1355 1224 se
1380 1195 1553 1223 condobera
1574 1195 1609 1221 de
1630 1197 1655 1221 la
1680 1195 1826 1223 situación
1854 1196 1892 1222 de
1909 1196 2020 1227 Rafael,
2040 1196 2065 1222 el

1210 1236 1303 1272 pobre
1332 1234 1498 1261 estudiante
1518 1240 1574 1266 que
1595 1232 1641 1258 iba
1670 1232 1683 1258 á
1706 1233 1875 1266 despedirse
1898 1232 1933 1259 de
1947 1241 1979 1259 su
1996 1233 2066 1259 ado¬

1211 1274 1280 1299 rada
1303 1270 1433 1297 Carmen
1468 1276 1537 1303 para
1571 1267 1694 1295 afiliarse
1727 1269 1740 1295 á
1778 1269 1817 1295 las
1838 1268 1901 1295 filas
1930 1268 2065 1295 rebeldes

1209 1317 1267 1346 que
1288 1306 1454 1334 combatían
1479 1313 1532 1338 por
1555 1303 1580 1329 la
1603 1304 1722 1331 libertad
1744 1305 1780 1330 de
1805 1314 1835 1332 su
1859 1306 1929 1337 país.

1248 1344 1355 1376 Rafael,
1382 1340 1534 1369 abismado
1555 1341 1591 1366 de
1617 1341 1665 1367 mil
1686 1341 1821 1368 fitídicos
1842 1340 2065 1375 pensamientos

1210 1391 1269 1418 que
1292 1379 1434 1407 invadían
1463 1386 1497 1404 su
1527 1376 1639 1410 agitado
1659 1381 1791 1405 cerebro,
1813 1377 1886 1404 daba
1914 1377 2026 1403 vueltas
2047 1385 2066 1411 y

1213 1420 1275 1446 más
1298 1415 1411 1443 vueltas
1432 1422 1467 1441 en
1488 1423 1520 1440 su
1548 1413 1731 1443 habitación,
1757 1423 1842 1440 como
1878 1414 1903 1439 el
1941 1413 2067 1439 hombre

1215 1452 1411 1486 desesperado
1439 1459 1497 1486 que
1531 1450 1616 1475 desea
1645 1458 1752 1484 apurar
1775 1450 1800 1476 el
1824 1450 1942 1476 camino
1971 1448 2006 1475 de
2034 1457 2066 1476 su

1216 1488 1444 1527 peregrinación
1467 1494 1520 1521 por
1539 1484 1564 1511 la
1586 1485 1682 1513 tierra.

1255 1526 1297 1552 De
1320 1527 1438 1559 pronto,
1476 1522 1578 1556 paróse
1600 1529 1616 1555 y
1639 1521 1767 1548 sacando
1786 1529 1819 1548 su
1841 1522 1980 1558 pequeño
2001 1519 2072 1556 reloj

1218 1564 1252 1590 de
1277 1560 1409 1593 bolsillo,
1433 1558 1507 1586 miró
1531 1558 1555 1582 la
1580 1558 1669 1584 esfera
1695 1558 1730 1584 de
1758 1558 1928 1584 este.—Son
1944 1558 1985 1584 las
2011 1557 2076 1583 diez

1217 1608 1284 1625 —se
1297 1597 1432 1632 dijo—va
1448 1603 1478 1621 es
1490 1596 1560 1621 hora
1573 1593 1609 1619 de
1621 1593 1818 1629 despedirme.
1836 1593 2079 1626 Efactivamente,

1217 1635 1347 1670 después
1368 1634 1406 1659 de
1432 1641 1473 1659 un
1501 1634 1664 1658 momento,
1693 1631 1719 1656 la
1746 1633 1906 1657 monótona
1921 1630 2076 1656 vibración

1219 1673 1254 1698 de
1282 1672 1308 1697 la
1332 1676 1475 1702 campana
1510 1668 1546 1694 de
1580 1665 1605 1691 la
1631 1666 1743 1702 iglesia,
1766 1666 1928 1693 anunciaba
1955 1666 1981 1692 la
2006 1666 2077 1692 hora

1217 1708 1254 1734 de
1280 1708 1305 1733 la
1326 1706 1434 1740 queda.

1256 1742 1288 1768 El
1309 1741 1397 1776 joven
1420 1739 1597 1767 estudiante,
1625 1737 1710 1769 cogió
1732 1745 1786 1763 con
1811 1736 2025 1770 precipitación
2045 1743 2078 1763 su

1219 1778 1374 1805 sombrero
1390 1785 1407 1810 y
1438 1774 1506 1810 bajó
1523 1774 1563 1802 las
1585 1774 1725 1801 escaleras
1752 1773 1888 1799 silvando
1905 1771 1931 1798 el
1953 1772 2025 1799 wais
2043 1772 2079 1798 de

1218 1816 1261 1843 las
1282 1814 1353 1841 Olas
1373 1821 1459 1838 como
1473 1811 1495 1837 si
1512 1814 1614 1838 tratara
1634 1811 1669 1836 de
1686 1808 1804 1843 mitigar
1825 1818 1872 1836 sus
1888 1817 1989 1841 penas.
2011 1807 2079 1835 Tras

1220 1860 1259 1879 un
1286 1851 1374 1877 breve
1397 1852 1458 1875 rato
1481 1847 1518 1874 de
1541 1847 1699 1875 caminata,
1722 1846 1826 1880 paróse
1841 1848 1910 1872 ante
1925 1853 1981 1870 una
1996 1844 2081 1871 fron¬

1220 1889 1292 1915 dosa
1320 1886 1424 1912 huerta
1450 1892 1469 1920 y
1489 1884 1627 1910 salvando
1656 1883 1681 1908 la
1703 1882 1777 1907 valla
1805 1890 1863 1914 que
1898 1882 1922 1907 la
1957 1882 2078 1911 circuía,

1221 1933 1253 1951 se
1294 1922 1413 1948 internó
1450 1922 1533 1946 entre
1566 1928 1606 1946 un
1642 1918 1791 1945 laberinto
1821 1917 1856 1943 de
1887 1916 2039 1949 camuning
2062 1924 2081 1951 y

1219 1959 1357 1987 oitavabas
1383 1965 1399 1981 v
1422 1956 1495 1982 salió
1527 1964 1580 1989 por
1602 1955 1628 1981 la
1646 1956 1725 1988 parte
1743 1958 1864 1982 opuesta
1880 1953 1916 1979 de
1931 1952 1955 1977 la
1973 1952 2078 1977 misma

1223 1997 1324 2023 huerta
1354 1993 1454 2019 donde
1477 1992 1563 2017 había
1591 2000 1646 2017 una
1680 1989 1806 2016 escalera
1842 1997 1899 2024 que
1934 1987 2080 2014 conducía

1223 2035 1236 2060 á
1258 2032 1283 2057 la
1309 2032 1407 2056 azotea
1431 2028 1466 2054 de
1494 2027 1518 2053 la
1540 2035 1605 2054 casa
1628 2026 1663 2052 de
1685 2034 1718 2052 su
1741 2025 1853 2051 amada.
1877 2024 1926 2050 Sin
1960 2023 2080 2057 vacilar,

1222 2067 1311 2095 subió
1332 2066 1359 2091 el
1382 2063 1551 2090 estudiante
1572 2065 1587 2089 á
1610 2062 1698 2089 dicha
1729 2064 1827 2087 azotea
1857 2069 1894 2086 en
1926 2059 2027 2085 donde
2054 2059 2082 2085 le

1223 2103 1366 2138 esperaba
1390 2110 1404 2127 a
1417 2099 1515 2131 mella.

1260 2135 1506 2172 —¡Cármencita!

1259 2173 1350 2209 —¡Mi
1377 2170 1485 2199 Rafael!

1262 2210 1377 2237 Fueron
1408 2210 1483 2233 estas
1506 2206 1547 2231 las
1563 2204 1695 2239 palabras
1722 2210 1779 2237 que
1806 2201 2086 2228 simultáneamente

1227 2252 1388 2274 resonaron
1412 2252 1447 2269 en
1470 2241 1496 2267 el
1524 2240 1652 2274 espacio.

1265 2280 1361 2307 —Ohl
1388 2279 1413 2305 la
1432 2278 1537 2305 última
1563 2276 1671 2310 noche;
1692 2275 1815 2300 mañana
1845 2273 1859 2298 á
1889 2274 1964 2298 estas
1998 2270 2086 2297 horas

1227 2318 1345 2354 ¿donde
1366 2312 1494 2340 estarás?

1264 2352 1342 2378 _En
1367 2352 1392 2376 el
1418 2357 1524 2383 campo
1550 2346 1669 2372 rebelde
1694 2343 1847 2379 pensando
1869 2352 1906 2369 en
1931 2343 1960 2370 tí.

1266 2404 1295 2408 —
1301 2388 1376 2414 Pero
1397 2395 1428 2411 es
1455 2382 1563 2411 cierto?
1580 2382 1691 2417 ¿tienes
1713 2379 1794 2406 valor
1814 2379 1849 2406 de
1875 2381 2016 2405 arrostrar
2041 2376 2086 2402 los

1228 2435 1241 2448 r
1241 2424 1287 2447 .pi;
1292 2433 1306 2447 p
1306 2433 1309 2436 .
1313 2432 1343 2447 ro
1348 2433 1358 2440 o
1405 2422 1420 2441 ,1
1427 2421 1441 2441 a
1474 2421 1498 2440 \q
1538 2426 1640 2442 irnerra
1680 2426 1696 2442 v
1736 2416 1782 2441 ios
1823 2415 1952 2441 embates
1988 2413 2024 2439 de
2061 2411 2086 2437 la

1230 2458 1386 2490 ausencia?

1270 2513 1292 2517 -
1305 2494 1362 2522 Ahí
1388 2492 1489 2518 amada
1515 2491 1583 2522 mía;
1609 2498 1646 2525 ya
1668 2489 1697 2515 lo
1720 2491 1811 2520 tengo
1837 2486 1910 2512 todo
1947 2484 2086 2511 resuelto.

1231 2534 1259 2560 Si
1287 2540 1341 2563 por
1361 2530 1387 2555 la
1410 2527 1535 2555 libertad
1563 2527 1599 2552 de
1634 2526 1751 2551 nuestro
1783 2521 1908 2557 querido
1943 2522 2007 2554 país
2041 2527 2087 2545 me

1231 2568 1366 2605 pidieran
1405 2565 1430 2590 la
1464 2563 1543 2594 vida,
1570 2560 1649 2592 toda,
1678 2560 1747 2587 toda
1777 2558 1803 2583 la
1833 2558 1890 2583 mía
1917 2556 1999 2582 daría
2039 2554 2085 2580 sin

1231 2604 1349 2633 vacilar.

1267 2640 1399 2666 _Cómo
1429 2645 1461 2662 os
1487 2634 1593 2660 airevís
1625 2633 1638 2658 á
1672 2632 1806 2658 sostener
1833 2636 1890 2655 una
1918 2628 2006 2653 rucha
2039 2629 2088 2651 tan

1233 2674 1380 2709 desigual?
1403 2680 1458 2706 ¿no
1484 2679 1517 2696 os
1546 2669 1682 2696 arredran
1706 2674 1770 2691 esos
1788 2664 1979 2691 formidables
1998 2664 2091 2688 caño¬

1233 2722 1284 2740 nes
1311 2712 1327 2737 é
1356 2706 1559 2736 ¡numerables
1583 2703 1688 2730 fusiles
1715 2702 1752 2728 de
1782 2710 1837 2736 que
1870 2709 1900 2727 se
1921 2698 2006 2725 valen
2043 2698 2091 2722 los

1234 2746 1390 2782 españoles
1416 2750 1484 2778 para
1500 2739 1658 2767 arrasaros?
1685 2737 1713 2764 Y
1734 2746 1795 2762 mas
1812 2745 1867 2772 ¿no
1892 2742 2013 2770 piensas
2033 2740 2091 2767 que

1235 2786 1258 2811 si
1285 2789 1312 2809 te
1341 2788 1457 2806 mueres
1482 2786 1517 2803 en
1546 2777 1572 2802 el
1593 2783 1698 2809 campo
1721 2773 1756 2798 de
1779 2771 1893 2803 batalla,
1920 2770 2033 2804 dejarás
2055 2777 2089 2793 en

1235 2823 1294 2847 este
1327 2815 1439 2844 mundo
1476 2814 1489 2839 á
1518 2808 1547 2839 fu
1575 2811 1665 2845 pobre
1694 2808 1833 2839 Carmen,
1855 2807 1925 2838 sola,
1951 2805 1996 2831 sin
2018 2812 2093 2831 con¬

1236 2856 1318 2884 suelo
1352 2853 1382 2880 ni
1407 2849 1561 2878 felicidad?
1587 2846 1647 2874 Ohl
1675 2845 1700 2872 la
1727 2845 1788 2871 sola
1819 2844 1881 2870 ¡dea
1916 2842 1952 2868 de
1988 2840 2093 2876 perder

1235 2901 1293 2920 una
1315 2890 1401 2916 dicha
1416 2895 1472 2914 con
1495 2885 1520 2911 la
1538 2884 1602 2911 cual
1616 2882 1703 2910 había
1722 2890 1759 2916 yo
1781 2879 1890 2907 soñado
1911 2880 1990 2904 tanto
2006 2877 2094 2903 tiem¬

1236 2937 1274 2963 po
1297 2935 1341 2952 me
1363 2924 1479 2959 oprime
1499 2921 1526 2947 el
1547 2920 1683 2949 corazón.

1275 2961 1455 2991 -Cálmate,
1492 2956 1531 2982 mi
1568 2955 1656 2981 dulce
1681 2951 1822 2978 Carmen:
1854 2950 1877 2976 si
1916 2949 1986 2974 bien
2011 2951 2095 2981 estoy

1238 2998 1367 3024 resuelto
1391 2996 1406 3020 á
1431 2999 1590 3025 consagrar
1618 2990 1657 3015 mi
1682 2986 1749 3013 vida
1771 2994 1807 3011 en
1829 2993 1891 3011 aras
1918 2984 1954 3009 de
1976 2985 2094 3009 nuestra
