2480 3507
427 296 462 322 14

1184 285 1231 314 La
1259 285 1399 313 Malasia

776 749 838 779 Vil

420 984 464 1012 La
490 981 719 1019 capitulación
747 983 788 1011 de
814 981 953 1017 Manila,
988 982 1063 1011 hizo
1092 983 1241 1012 suavizar

381 1025 426 1055 un
449 1023 544 1055 tanto
574 1023 605 1053 la
643 1022 813 1054 conducta
841 1021 882 1053 de
917 1021 965 1053 los
996 1024 1174 1062 españoles
1197 1032 1239 1055 en

378 1066 496 1095 ciertos
535 1068 658 1103 puntos
694 1065 737 1094 de
770 1065 929 1102 Filipinas
958 1066 1069 1094 donde
1100 1067 1240 1104 siguiera

379 1107 559 1136 ondeando
597 1106 628 1135 la
661 1106 809 1135 bandera
850 1106 891 1134 de
929 1106 960 1134 la
999 1106 1117 1136 tiranía
1147 1116 1240 1144 espa-

380 1157 467 1176 iiuia.
500 1156 547 1176 jiu
574 1156 677 1181 liuuG,
757 1146 894 1185 general
909 1154 990 1175 reíos
1011 1155 1073 1183 por
1096 1156 1200 1177 temor
1221 1159 1239 1177 a

378 1197 422 1216 un
445 1188 709 1216 levantamiento
734 1187 775 1216 de
795 1186 846 1215 los
881 1187 1035 1224 pueblos,
1064 1188 1159 1224 quiso
1184 1197 1239 1225 po¬

376 1237 435 1257 ner
453 1237 496 1256 en
520 1227 665 1265 práctica
691 1228 721 1256 la
740 1227 881 1264 política
899 1227 954 1255 del
977 1228 1128 1256 embuste
1148 1238 1168 1266 y
1183 1229 1238 1257 del

379 1271 523 1306 engaño,
562 1267 693 1304 política
712 1267 976 1305 genuinamente
1000 1269 1169 1304 española;
1189 1270 1236 1297 los

379 1308 508 1346 bisayos
531 1308 678 1336 miraban
696 1309 827 1336 atentos
844 1315 924 1344 paso
952 1307 968 1335 á
987 1316 1067 1344 paso
1099 1308 1129 1337 la
1154 1308 1236 1345 polí¬

377 1349 440 1377 tica
477 1350 518 1377 de
556 1347 706 1376 falsedad
746 1348 799 1375 del
834 1348 973 1385 general
1016 1349 1167 1384 español;
1204 1350 1235 1377 le

377 1388 638 1425 contemplaban
672 1388 702 1416 al
750 1387 862 1416 infeliz
893 1389 1102 1425 gobernante
1138 1389 1234 1418 fabri¬

376 1430 483 1457 cando
509 1429 627 1457 dentro
650 1428 689 1456 de
706 1437 744 1456 su
763 1428 934 1465 despacho
961 1428 1160 1466 telegramas
1173 1429 1234 1458 fin¬

374 1469 470 1507 gidos
497 1469 537 1497 de
560 1468 691 1497 Madrid
718 1476 782 1505 que
817 1468 902 1497 creía
920 1469 1077 1497 servirlos
1099 1471 1139 1498 de
1165 1470 1234 1499 ins¬

374 1512 544 1538 trumento
570 1517 647 1546 para
683 1510 832 1546 engañar
869 1518 934 1537 una
962 1517 1022 1538 vez
1050 1509 1119 1539 más
1158 1509 1172 1539 á
1203 1512 1232 1539 la

372 1548 487 1577 resida
503 1550 628 1577 bisava.
652 1548 815 1577 Prometía
841 1550 868 1572 la
894 1549 1084 1577 autonomía
1112 1560 1189 1574 nnrn

375 1598 452 1628 ¡que
488 1587 695 1619 autonomía!
741 1589 896 1618 Grandes
931 1598 1116 1628 promesas,
1152 1600 1232 1628 pero

372 1632 547 1667 pequeños
575 1630 863 1666 cumplimientos.
892 1632 952 1658 Asi
968 1632 1131 1659 andabam
1150 1641 1174 1661 >s
1191 1642 1231 1660 en

373 1670 546 1708 Filipinas,
580 1671 741 1698 mientras
757 1679 800 1698 en
824 1669 918 1698 París
952 1671 1002 1699 los
1032 1673 1231 1701 comisiona¬

371 1712 431 1739 dos
461 1711 637 1747 españoles
652 1719 673 1748 y
701 1710 905 1739 americanos
934 1710 1099 1740 discutían
1115 1721 1230 1741 acerca

371 1751 413 1779 de
428 1753 561 1779 nuestra
585 1752 705 1779 suerte.
730 1748 888 1779 América
901 1749 944 1778 ha
960 1751 1136 1780 declarado
1152 1756 1230 1781 ante

372 1791 402 1819 el
427 1791 555 1820 mundo
585 1793 710 1826 entero,
753 1799 817 1827 que
857 1790 920 1819 ella
947 1790 1089 1820 luchaba
1115 1801 1176 1829 por
1198 1792 1229 1821 la

370 1830 589 1862 humanidad;
616 1829 728 1868 quería
746 1831 845 1859 librar
859 1829 877 1858 á
892 1831 943 1859 los
971 1832 1113 1868 pueblos
1141 1833 1228 1870 opri¬

369 1871 479 1899 midos
503 1872 543 1899 de
567 1879 604 1898 su
630 1871 719 1899 triste
738 1869 918 1906 situación,
933 1879 956 1908 y
983 1872 1095 1900 darlos
1113 1881 1151 1901 su
1173 1882 1229 1902 an¬

368 1911 460 1940 siada
488 1911 639 1939 libertad.
660 1910 770 1939 Desde
786 1910 855 1939 éste
876 1912 984 1947 punto
1011 1912 1051 1939 de
1068 1913 1164 1948 vista,
1193 1921 1226 1942 se

367 1950 476 1986 veían,
490 1951 540 1979 los
559 1951 807 1979 comisionados
826 1950 1030 1979 americanos
1054 1961 1095 1980 en
1122 1951 1223 1989 París,

368 1990 541 2028 obligados
561 1999 621 2027 por
635 1991 775 2019 deberes
793 1991 834 2018 de
849 1991 1067 2028 humanidad,
1086 1992 1101 2020 á
1119 1994 1226 2030 exigir

367 2032 408 2059 de
443 2032 491 2059 los
523 2031 701 2067 españoles
733 2031 764 2059 la
797 2031 961 2060 renuncia
999 2032 1152 2061 absoluta
1183 2034 1224 2061 de

367 2080 405 2100 su
435 2071 610 2100 soberanía
636 2079 677 2099 en
698 2071 871 2107 Filipinas.
892 2072 1050 2107 Aprobar
1072 2075 1103 2101 la
1124 2073 1225 2101 domi¬

366 2110 486 2139 nación
504 2112 545 2139 de
570 2112 699 2147 España
729 2120 771 2139 en
801 2112 831 2139 ei
864 2111 1104 2149 Archipiélago
1134 2113 1225 2149 equi¬

366 2150 494 2178 valdría
532 2150 549 2178 á
581 2151 721 2187 aprobar
756 2151 849 2178 todos
885 2152 934 2179 los
962 2150 1126 2180 crímenes
1160 2161 1225 2188 que

365 2190 409 2217 ha
449 2190 616 2218 cometido
651 2188 737 2225 aquí;
780 2198 855 2226 y....
897 2191 1043 2226 ademas,
1073 2191 1149 2219 bien
1179 2200 1226 2220 sa¬

367 2228 444 2257 bían
482 2229 531 2257 los
558 2229 764 2257 americanos
801 2237 864 2265 que
905 2230 936 2258 la
980 2238 1097 2266 mayor
1132 2234 1223 2267 parte

368 2268 407 2296 de
436 2270 484 2296 ios
513 2269 693 2297 territorios
720 2268 859 2297 estaban
891 2279 934 2306 ya
961 2271 1129 2307 ocupados
1166 2280 1224 2299 por

366 2310 516 2345 nosotros
543 2317 563 2345 y
579 2317 643 2345 que
659 2312 796 2337 nuestro
823 2309 998 2338 Gobierno
1016 2308 1224 2339 funcionaba

366 2347 658 2376 admirablemente
685 2356 725 2375 en
753 2348 831 2376 toda
860 2357 895 2377 su
919 2349 1156 2386 jurisdicción,
1182 2352 1223 2378 de

365 2394 410 2415 lar
426 2391 537 2416 suerte
559 2397 625 2424 que
651 2388 683 2415 la
710 2388 823 2417 vuelta
843 2389 884 2416 de
913 2389 943 2416 la
972 2389 1147 2419 soberanía
1181 2392 1221 2419 de

365 2427 498 2464 España
521 2428 731 2465 enFilipinas
746 2429 927 2458 acarrearía
945 2438 1010 2458 una
1027 2431 1221 2468 sangrienta

364 2476 481 2505 guerra
497 2475 539 2495 en
550 2468 712 2504 perjuicio
744 2469 832 2496 déla
864 2469 1072 2499 humanidad
1100 2479 1121 2507 y
1148 2474 1220 2499 esto

364 2516 410 2535 no
422 2507 455 2535 lo
471 2507 744 2543 podiaconsentir
767 2508 799 2536 la
813 2507 909 2537 Gran
926 2509 1116 2546 República
1135 2519 1222 2538 ame¬

363 2547 487 2579 ricana,
510 2555 573 2583 que
586 2547 629 2575 ha
642 2548 695 2575 ido
709 2546 726 2575 á
740 2548 772 2575 la
788 2556 903 2585 guerra
919 2557 982 2585 por
995 2548 1157 2578 redimirá
1170 2551 1220 2579 los

362 2586 559 2623 oprimidos.
583 2587 618 2615 El
633 2586 796 2624 gobierno
811 2588 962 2623 español,
980 2598 1042 2625 por
1058 2598 1095 2618 su
1114 2593 1216 2626 parte,

365 2625 501 2656 conocía
531 2626 561 2655 la
580 2625 743 2655 situación
774 2628 815 2655 de
847 2636 884 2657 su
915 2629 1093 2658 soberanía
1118 2638 1158 2658 en
1190 2631 1220 2658 el

364 2665 612 2704 Archipiélago;
631 2667 848 2702 comprendía
870 2677 936 2704 que
951 2669 998 2697 los
1015 2672 1146 2699 catorce
1163 2671 1220 2698 mil

364 2706 570 2742 prisioneros
585 2707 763 2742 españoles
777 2715 854 2736 eran
868 2717 934 2736 una
952 2709 1103 2746 garantía
1120 2719 1218 2738 nues¬

361 2747 410 2774 tra
426 2754 502 2782 para
517 2754 581 2783 que
599 2747 730 2783 España
770 2754 830 2774 nos
869 2748 1087 2777 reconociera
1117 2750 1146 2777 la
1172 2749 1219 2778 in¬

361 2785 592 2821 dependencia
620 2794 680 2822 por
714 2786 746 2814 la
780 2786 922 2815 libertad
955 2789 995 2816 de
1026 2797 1080 2816 sus
1100 2788 1203 2826 hijos.

1737 571 1816 599 VIII

1382 803 1536 838 «España
1553 803 1598 831 ha
1620 799 1739 831 cedido
1761 798 1779 828 á
1805 799 1963 831 América
1985 802 2065 831 todo
2091 802 2122 830 el
2146 802 2207 830 Ar¬

1341 841 1529 880 chipiélago
1554 843 1685 879 filipino
1710 840 1727 869 á
1750 842 1882 870 cambio
1900 842 1941 871 de
1959 842 2076 872 veinte
2100 842 2205 870 millo¬

1341 890 1401 911 nes
1428 882 1469 911 de
1498 891 1595 920 pesos
1613 891 1708 912 oro.»
1731 880 1803 909 Esta
1822 888 1855 909 es
1879 882 1908 911 la
1928 881 2123 911 resolución
2151 883 2203 910 del

1339 922 1484 952 llamado
1512 924 1683 961 problema
1710 920 1840 957 filipino
1860 930 1903 950 en
1922 923 1949 951 el
1968 923 2141 961 Congreso
2162 923 2204 950 de

1341 962 1441 999 París,
1471 962 1574 1002 según
1607 965 1657 992 los
1681 961 1878 999 telegramas
1912 972 1975 999 que
2008 964 2058 991 los
2080 971 2203 992 corres¬

1340 1003 1499 1041 ponsales
1536 1006 1578 1033 de
1618 1009 1772 1033 nuesuos
1801 1002 1991 1038 periódicos
2026 1004 2092 1032 han
2120 1007 2201 1032 tras¬

1339 1044 1457 1075 mitido
1490 1046 1592 1076 desde
1631 1049 1661 1077 la
1696 1045 1849 1075 hermosa
1881 1045 2005 1083 capital
2037 1046 2200 1075 francesa.

1337 1086 1385 1115 Ya
1407 1086 1620 1124 preveíamos
1645 1096 1708 1120 que
1731 1093 1775 1113 no
1808 1085 1905 1121 podía
1934 1087 2034 1116 caber
2058 1090 2131 1116 otro
2153 1094 2202 1115 re¬

1339 1129 1469 1156 sultado
1497 1136 1539 1157 en
1556 1129 1589 1158 lo
1605 1131 1738 1158 tocante
1754 1125 1771 1155 á
1796 1131 1931 1156 nuestro
1952 1127 2199 1166 Archipiélago,

1338 1170 1460 1205 puesto
1481 1177 1546 1206 que
1572 1169 1622 1198 los
1654 1169 1791 1199 Estados
1823 1166 1952 1197 Unidos
1976 1167 2045 1197 han
2077 1169 2200 1205 pedido

1338 1211 1408 1237 esta
1435 1209 1554 1238 cesión
1573 1210 1591 1239 á
1607 1211 1738 1247 España
1762 1217 1783 1244 y
1805 1205 1874 1236 ésta
1893 1217 1952 1245 por
1970 1209 2003 1237 lo
2019 1211 2111 1237 tanto
2123 1218 2200 1246 que¬

1336 1249 1419 1278 daba
1448 1249 1599 1287 obligada
1618 1251 1633 1278 á
1676 1249 1931 1279 condescender
1957 1258 2022 1278 con
2059 1257 2097 1278 su
2125 1258 2202 1278 ene¬

1336 1289 1427 1327 migo
1447 1289 1547 1319 sobre
1567 1293 1637 1318 este
1660 1288 1851 1327 particular:
1879 1297 1924 1318 no
1946 1288 2045 1318 había
2060 1291 2132 1318 otro
2153 1298 2201 1318 re¬

1335 1329 1445 1357 medio
1469 1339 1546 1367 para
1575 1330 1625 1359 los
1652 1329 1829 1368 españoles
1857 1329 1925 1359 más
1957 1338 2021 1364 que
2038 1333 2149 1358 acatar
2168 1331 2196 1358 la

1334 1371 1502 1400 voluntad
1532 1372 1574 1399 de
1608 1378 1661 1399 sus
1686 1369 1904 1400 vencedores.
1938 1370 1981 1399 La
2009 1370 2141 1400 derrota
2157 1371 2199 1399 de

1335 1410 1462 1446 España
1494 1420 1536 1439 en
1564 1411 1614 1439 los
1652 1419 1758 1440 mares
1795 1419 1816 1447 y
1846 1419 1887 1438 en
1914 1411 1966 1439 los
1993 1418 2133 1447 campos
2157 1412 2197 1440 de

1334 1451 1467 1487 batalla,
1490 1451 1531 1480 ha
1558 1452 1750 1488 menguado
1776 1450 1974 1480 muchísimo
2005 1459 2044 1479 su
2081 1452 2196 1486 presti¬

1332 1489 1386 1528 gio
1405 1493 1543 1529 antiguo
1560 1492 1600 1520 de
1623 1490 1755 1521 Nación
1783 1499 1949 1528 guerrera;
1977 1489 2135 1520 América
2167 1493 2197 1520 la

1333 1530 1374 1559 ha
1393 1532 1532 1561 lanzado
1573 1532 1604 1560 al
1634 1532 1803 1569 profundo
1840 1531 1967 1560 abismo
1996 1532 2038 1560 de
2063 1532 2093 1561 la
2121 1533 2195 1561 des¬

1331 1572 1442 1610 gracia
1469 1581 1543 1610 para
1579 1582 1644 1609 que
1666 1574 1770 1602 desde
1799 1571 1853 1600 allí
1884 1573 2078 1610 contemple
2099 1572 2197 1602 rubo¬

1331 1613 1436 1642 rizada
1475 1622 1532 1643 sus
1571 1622 1723 1652 amargos
1758 1614 1924 1642 desastres
1947 1614 1963 1642 á
1989 1613 2035 1642 fin
2065 1613 2106 1641 de
2129 1621 2194 1650 que

1331 1661 1474 1683 conozca
1499 1655 1529 1682 el
1563 1662 1644 1690 peso
1668 1655 1710 1682 de
1743 1662 1807 1682 una
1829 1661 1909 1691 gran
1949 1654 2151 1681 desventura
2173 1662 2196 1691 y

1330 1701 1389 1720 vea
1412 1694 1442 1721 la
1471 1693 1674 1730 corrupción
1701 1695 1742 1722 de
1777 1701 1830 1721 sus
1859 1693 2086 1730 gobernantes
2116 1701 2192 1729 que,

1330 1734 1548 1770 desposeídos
1598 1734 1640 1762 de
1678 1733 1707 1761 la
1740 1733 1840 1761 llama
1882 1734 1936 1761 del
1970 1730 2191 1769 patriotismo,

1329 1773 1395 1800 han
1425 1773 1575 1802 buscado
1609 1774 1750 1810 siempre
1774 1772 1802 1799 la
1835 1772 2055 1809 prosperidad
2078 1772 2119 1800 de
2139 1780 2192 1800 sus

1329 1813 1492 1842 intereses
1522 1813 1741 1850 particulares
1769 1811 1835 1840 aún
1857 1814 1872 1842 á
1899 1817 1992 1841 costa
2010 1813 2050 1840 de
2073 1812 2194 1841 sacrifi¬

1330 1862 1384 1881 car
1412 1853 1439 1881 el
1464 1853 1570 1882 honor
1594 1863 1616 1891 y
1643 1854 1801 1891 dignidad
1821 1853 1861 1881 de
1884 1861 1922 1882 su
1944 1853 2049 1890 pobre
2074 1853 2190 1889 patria.

1369 1893 1585 1931 Despiértese
1601 1894 1629 1921 el
1647 1893 1896 1922 desventurado
1913 1893 2035 1929 pueblo
2052 1895 2193 1928 español

1327 1933 1368 1961 de
1384 1942 1421 1961 su
1440 1935 1568 1972 letargo
1584 1944 1601 1965 y
1615 1942 1698 1961 mire
1713 1934 1814 1961 desde
1829 1934 1857 1961 el
1871 1932 1977 1961 fondo
1995 1933 2047 1960 del
2062 1933 2193 1961 abismo

1326 1973 1366 2001 de
1395 1982 1433 2002 su
1462 1974 1635 2012 desgracia
1660 1974 1691 2003 la
1721 1973 1875 2002 criminal
1903 1972 2032 2001 sonrisa
2059 1973 2100 2001 de
2136 1981 2191 2002 sus

1325 2014 1554 2051 gobernantes
1576 2013 1718 2050 después
1743 2014 1784 2042 de
1811 2014 1917 2041 llevar
1947 2012 1965 2042 á
1993 2014 2076 2041 cabo
2099 2015 2191 2042 actos

1324 2062 1565 2091 vergonzosos,
1583 2054 1777 2083 vendiendo
1795 2054 1825 2082 al
1845 2053 2043 2089 Extranjero
2059 2062 2112 2082 sus
2136 2062 2191 2083 co¬

1325 2094 1434 2122 lonias
1465 2103 1563 2123 como
1591 2095 1615 2122 si
1635 2094 1751 2122 fueran
1777 2092 1994 2122 mercancías.
2022 2093 2089 2121 Allí
2121 2096 2192 2122 está

1326 2134 1355 2160 el
1386 2136 1459 2160 acto
1483 2134 1552 2161 más
1575 2134 1620 2162 vil
1645 2143 1710 2170 que
1735 2134 1802 2162 han
1821 2135 1989 2161 cometido
2015 2133 2066 2161 los
2086 2135 2188 2162 comi¬

1326 2173 1488 2201 sionados
1516 2174 1701 2210 españoles,
1727 2174 1756 2200 el
1779 2177 1913 2208 aceptar
1939 2174 1981 2200 de
2005 2173 2052 2200 los
2080 2176 2190 2202 norte¬

1325 2214 1540 2241 americanos
1568 2214 1619 2241 los
1638 2214 1757 2241 veinte
1773 2212 1929 2241 millones
1948 2213 1989 2240 de
2016 2220 2115 2248 pesos
2130 2221 2189 2240 oro

1325 2260 1392 2288 que
1416 2259 1503 2282 estos
1520 2254 1569 2281 les
1582 2253 1648 2280 han
1665 2252 1812 2281 ofrecido
1829 2260 1891 2289 por
1916 2253 1966 2281 las
1983 2252 2061 2280 islas
2078 2252 2189 2289 Filipi¬

1325 2301 1395 2319 nas.
1431 2293 1493 2321 Por
1516 2302 1563 2320 un
1596 2293 1732 2328 puñado
1772 2295 1812 2320 de
1840 2300 1900 2320 oro
1929 2301 1965 2320 se
1998 2292 2039 2320 ha
2069 2295 2188 2327 puesto

1323 2332 1452 2368 España
1470 2335 1548 2361 ante
1563 2333 1594 2360 la
1607 2332 1660 2360 faz
1684 2334 1724 2361 de
1746 2332 1825 2360 todo
1847 2331 1878 2359 el
1895 2332 2020 2360 mundo
2046 2331 2188 2360 deshon¬

1321 2373 1400 2400 rada
1426 2381 1486 2409 por
1512 2373 1694 2408 completo,
1721 2372 1874 2400 echando
1895 2372 1959 2399 ella
1981 2372 2101 2399 misma
2128 2381 2188 2405 por

1323 2412 1421 2448 culpa
1445 2413 1486 2441 de
1504 2421 1560 2441 sus
1578 2412 1804 2449 gobernantes
1830 2421 1869 2440 su
1903 2411 2060 2449 dignidad
2090 2419 2112 2448 y
2150 2422 2186 2441 su

1321 2453 1493 2490 prestigio,
1520 2455 1569 2481 sin
1587 2455 1766 2482 acordarse
1786 2452 1825 2480 de
1840 2453 1891 2480 los
1909 2455 2043 2480 catorce
2057 2452 2113 2479 mil
2127 2453 2187 2489 pri¬

1321 2492 1430 2521 siones
1438 2500 1474 2521 os
1490 2501 1558 2529 que
1572 2493 1702 2521 existen
1727 2494 1845 2520 dentro
1863 2493 1948 2520 déla
1969 2491 2182 2520 revolución.

1320 2532 1446 2567 ¿Como
1462 2535 1502 2560 vó
1521 2542 1537 2560 a
1553 2534 1698 2561 rescatar
1724 2533 1856 2567 España
1876 2540 1932 2560 sus
1963 2531 2187 2567 prisioneros?

1318 2571 1414 2607 ¿Qué
1453 2572 1668 2609 negociación
1695 2581 1729 2600 se
1763 2580 1804 2599 va
1829 2570 1845 2599 á
1871 2571 2024 2599 entablar
2059 2579 2120 2599 con
2156 2573 2187 2599 el

1322 2611 1497 2641 Gobierno
1540 2612 1810 2641 revolucionario
1845 2621 1925 2647 para
1959 2611 2111 2639 alcanzar
2145 2611 2186 2639 de

1321 2651 1390 2680 éste
1406 2653 1434 2681 la
1455 2653 1594 2680 libertad
1617 2653 1657 2681 de
1681 2661 1736 2680 sus
1761 2651 1863 2688 hijos?

1361 2693 1407 2720 En
1424 2695 1495 2721 esto
1511 2692 1671 2721 debieran
1684 2692 1723 2719 de
1739 2691 1844 2719 haber
1858 2690 2009 2727 pensado
2021 2698 2099 2723 muy
2107 2690 2185 2718 bien

1320 2732 1367 2760 los
1389 2733 1616 2769 gobernantes
1639 2733 1812 2768 españoles
1836 2733 1931 2758 antes
1960 2730 2001 2757 de
2031 2731 2187 2766 proceder

1321 2780 1385 2800 con
1415 2770 1655 2808 precipitación
1681 2780 1780 2799 como
1801 2771 1863 2798 han
1889 2770 2075 2806 procedido
2092 2778 2134 2797 en
2158 2770 2187 2796 el

1322 2811 1495 2849 Congreso
1511 2812 1552 2840 de
1568 2810 1665 2840 París:
1680 2809 1938 2840 vendiéndonos
1953 2817 2049 2838 como
2063 2809 2090 2838 si
2106 2817 2187 2837 ven¬

1320 2852 1436 2881 dieran
1464 2853 1601 2881 cabezas
1628 2853 1668 2879 de
1693 2852 1831 2883 hueves,
1852 2851 1899 2879 sin
1927 2858 2047 2887 pensar
2062 2858 2127 2885 que
2144 2858 2185 2877 en

1320 2896 1388 2920 esta
1413 2896 1516 2921 venta
1545 2891 1640 2920 están
1666 2892 1830 2920 incluidas
1861 2900 1899 2919 su
1928 2890 2087 2927 dignidad
2112 2899 2131 2925 y
2156 2890 2187 2916 la

1320 2932 1486 2961 situación
1519 2933 1609 2960 triste
1636 2932 1677 2959 de
1704 2933 1754 2959 los
1775 2931 1977 2967 prisioneros
1995 2930 2184 2965 españoles,

1319 2979 1382 3006 que
1396 2974 1546 2999 tenemos
1561 2972 1668 2998 ahora.
1689 2971 1739 2997 No
1749 2978 1936 3005 queremos,
1953 2970 2005 2997 sin
2015 2968 2182 3005 embargo,

1318 3009 1407 3037 decir
1431 3018 1494 3038 con
1517 3016 1589 3037 esto
1618 3017 1681 3045 que
1703 3012 1863 3038 tratamos
1891 3009 1932 3035 de
1955 3008 2125 3035 encender
2154 3006 2186 3032 la

1313 3055 1353 3076 ra
1397 3048 1436 3075 de
1462 3053 1600 3075 nuestro
1637 3050 1773 3075 sensato
1802 3047 1963 3084 gobierno
1996 3047 2109 3073 contra
2125 3045 2190 3072 .dos-
