2480 3507
1037 275 1080 303 La
1107 275 1248 303 Malasia

1976 285 2007 313 i?

236 363 416 398 españoles
434 361 643 397 prisioneros
669 360 710 388 de
729 369 856 389 ^nerra.
878 369 1005 397 poraue
1031 363 1102 388 esto

242 410 281 429 no
306 402 385 428 cabe
403 409 443 428 en
469 403 604 428 nuestro
629 387 783 434 corazón,
815 408 898 436 pues
925 407 1103 435 queremos

237 439 328 476 dejar
353 439 431 467 bien
449 438 588 466 sentada
616 441 748 466 nuestra
775 437 944 475 hidalguía
969 442 1048 466 ante
1072 438 1102 465 el

237 481 401 514 concepto
425 478 466 505 de
491 477 585 505 todas
616 478 664 505 las
689 477 860 509 naciones;
883 484 963 512 pero
988 476 1023 511 si,
1053 477 1101 504 los

238 518 413 554 podremos
425 519 557 545 retener
571 516 663 544 hasta
678 525 742 553 que
757 525 792 544 se
809 524 868 544 nos
879 524 1060 544 reconozca
1072 516 1100 543 la

236 557 514 594 independencia,
537 564 593 592 por
609 557 639 584 la
655 557 727 585 cual
747 565 781 585 se
796 556 865 586 han
884 555 992 584 hecho
1007 564 1101 593 gran¬

236 599 293 627 des
319 597 495 627 sacrificios
527 597 568 625 de
606 596 702 625 vidas
732 605 752 634 y
782 596 977 626 haciendas.
1018 596 1100 632 Muy

237 639 313 668 bien
343 636 558 675 comprendía
584 637 712 673 España
743 637 773 665 el
801 638 913 676 objeto
958 644 1021 673 que
1052 639 1099 664 te¬

239 687 355 707 nemos
390 679 419 707 al
445 681 577 707 retener
610 679 765 705 nosotros
797 678 811 706 á
845 686 898 706 sus
934 677 1033 713 hijos;
1056 685 1097 704 no

235 720 401 754 obstante,
450 726 510 746 nos
546 717 588 746 ha
620 717 767 746 vendido
806 717 1096 746 miserablemente

238 777 288 795 pul
309 773 351 787 Lili
366 777 384 795 p
392 773 503 787 uLuüü
522 774 563 786 U'O
575 774 596 786 ü
599 774 608 785 t
615 774 635 786 ü
642 781 647 787 ■
672 774 756 785 iJivü
784 774 820 786 Ov
848 773 900 795 ÑtL-'j
906 774 924 785 Cl
956 774 965 784 Y
975 774 983 782 v
980 777 991 784 -*
997 775 1004 784 l
1031 774 1048 784 VJ
1057 774 1094 783 uu

238 800 274 828 lis
281 802 364 836 paña
392 798 435 827 ha
459 798 619 827 olvidado
635 806 696 834 por
724 798 893 834 completo
914 797 930 825 á
961 797 1010 824 los
1028 797 1092 824 dri-

1202 361 1353 388 sioneros
1379 368 1440 396 que
1463 360 1557 388 están
1571 360 1674 389 ahora
1693 361 1854 392 pidiendo
1878 363 1980 389 desde
1996 371 2052 390 sus

1201 399 1370 435 prisiones
1398 400 1427 425 la
1452 399 1602 430 libertad,
1629 398 1646 427 á
1667 400 1698 427 la
1721 408 1858 428 manera
1876 408 1970 428 como
1999 401 2049 436 pi¬

1202 437 1367 465 diéramos
1387 439 1519 465 cuando
1534 438 1723 466 estábamos
1742 439 1928 474 oprimidos
1952 446 1973 475 y
1999 447 2050 467 su¬

1199 477 1287 512 jetos
1312 477 1342 505 al
1366 484 1454 512 yugo
1477 478 1588 505 tirano
1611 477 1651 504 de
1667 478 1807 513 España.

1243 516 1283 544 La
1301 517 1429 552 España
1446 524 1510 552 que
1524 514 1667 544 hablaba
1685 517 1807 544 mucho
1831 517 1871 544 de
1886 525 1924 544 su
1942 516 2049 553 digni¬

1199 555 1262 584 dad
1288 555 1446 584 nacional
1474 564 1495 592 y
1527 563 1566 584 su
1591 555 1742 593 Religión
1774 555 1940 591 Católica,
1968 563 2049 592 pasa

1198 595 1264 632 hoy
1289 595 1305 624 á
1330 595 1359 625 la
1373 594 1511 624 historia
1527 604 1592 624 con
1610 599 1716 624 rostro
1736 597 1936 626 demacrado
1956 604 1976 632 y
1993 594 2047 632 pá¬

1196 636 1277 672 lido,
1294 636 1346 665 sin
1362 635 1489 666 fuerzas
1504 644 1581 673 para
1596 636 1795 674 levantarse,
1808 637 1860 666 sin
1875 636 2046 675 dignidad,

1196 685 1216 712 y
1237 676 1288 704 sin
1305 677 1335 704 el
1350 677 1510 704 consuelo
1524 677 1565 704 de
1584 676 1687 706 haber
1703 677 1887 714 practicado
1909 679 1957 706 las
1983 677 2048 713 pri¬

1196 724 1303 745 meras
1336 716 1497 745 nociones
1521 716 1618 744 sobre
1636 726 1698 753 que
1716 716 1786 746 está
1809 717 1988 747 levantada
2010 724 2046 744 su

1195 755 1218 774 1?
1228 756 1303 783 oll^l
1309 755 1328 783 Ó
1334 765 1354 784 IT

1778 797 1818 825 D.
1847 797 1985 825 Franco.

482 1386 738 1514 LA
882 1386 1810 1514 MALASIA

268 1959 2012 1989 REDACCIÓN Y ADMINISTRACIÓN
835 2227 906 2260 KA
920 2225 1144 2260 I.COCAN
1189 2225 1345 2269 (MANI
1360 2225 1433 2259 LA.
1446 2236 1453 2264 )

589 2709 1079 2795 SUCURSAL
1151 2709 1261 2795 EN
1341 2707 1689 2793 MANILA

703 2995 919 3061 CALLE
975 2991 1363 3061 BENAYIDES
1411 2993 1497 3057 N.“
1543 2991 1601 3059 25
