2480 3507
390 233 422 263 2
1143 241 1183 268 La
1213 242 1353 270 Malasia

435 421 715 489 I1BSTE8
753 421 1093 489 PEOPQSÍffl

378 594 428 627 Al
466 592 680 639 pretender
714 604 864 639 ocupar
903 604 960 626 un
993 592 1101 636 sitio,
1144 593 1194 627 si¬

330 643 469 688 quiera
503 642 539 676 el
574 642 658 676 más
679 641 879 684 humilde,
902 652 953 675 en
982 641 1016 675 el
1039 641 1192 677 estadio

330 691 376 724 de
406 691 443 724 la
471 701 619 736 prensa
650 688 824 736 filipina,
848 691 887 725 lo
907 690 1096 725 hacemos
1118 692 1193 725 im¬

328 737 521 786 pulsados
559 752 628 784 por
662 738 698 771 la
729 739 854 772 noble
886 738 978 772 idea
1007 738 1055 772 de
1077 750 1192 787 apor¬

327 792 387 822 tar
419 797 475 820 un
508 798 634 833 grano
663 785 711 819 de
742 798 864 822 arena
901 788 986 821 más
1023 788 1058 821 al
1106 788 1190 822 edi¬

328 834 418 870 ficio
457 833 506 868 de
537 837 702 869 nuestra
742 835 1033 882 regeneración
1063 837 1184 870 social

321 898 348 932 y
372 882 552 931 política;
574 895 601 930 y
628 883 857 919 contribuir
885 885 906 917 á
940 884 978 917 la
1008 882 1187 919 difusión

322 944 372 967 en
394 935 559 966 nuestro
581 931 731 977 pueblo
766 932 814 966 de
848 933 887 966 la
915 932 1107 967 simiente
1139 933 1187 967 de

320 982 381 1015 los
400 979 618 1013 modernos
631 979 954 1015 conocimientos
976 992 1055 1028 que
1075 993 1189 1015 cons¬

321 1031 483 1077 tituyen
521 1029 560 1064 la
581 1027 694 1064 firme
715 1029 808 1066 base
836 1029 899 1065 del
919 1030 1185 1078 engrandeci¬

322 1080 477 1115 miento
499 1078 546 1113 de
569 1089 653 1113 una
665 1080 828 1115 nación.

372 1129 445 1163 Las
465 1127 657 1165 ciencias,
693 1129 751 1163 las
770 1132 888 1168 artes,
906 1129 944 1162 la
963 1128 1181 1170 industria,

322 1177 361 1211 la
393 1177 656 1223 agricultura,
710 1177 769 1211 las
808 1178 929 1211 letras
964 1181 1040 1211 etc.
1088 1182 1178 1218 etc.,

321 1225 414 1259 todo
432 1226 468 1259 lo
494 1236 571 1271 que
593 1226 827 1269 constituye
847 1228 976 1271 algún
993 1225 1178 1262 eslabón,

320 1273 547 1321 digámoslo
578 1273 650 1309 así,
671 1272 719 1307 de
735 1285 799 1307 esa
817 1285 921 1321 gran
942 1274 1097 1308 cadena
1116 1274 1179 1308 in¬

319 1321 513 1356 telectual
550 1320 598 1354 de
638 1322 694 1355 los
742 1322 1069 1357 conocimientos
1105 1323 1182 1356 bu-

317 1381 476 1411 manos,
509 1369 695 1404 liallarán
737 1369 963 1412 prcfci'^ntc
994 1371 1087 1405 sitio
1130 1382 1179 1404 oji

318 1419 378 1453 las
405 1419 618 1452 columnas
634 1418 681 1452 de
703 1424 870 1454 nuestra
898 1419 1163 1465 publicación

318 1467 503 1514 Empero,
550 1471 847 1501 consecuentes
881 1479 957 1502 con
996 1470 1056 1502 las
1094 1479 1181 1501 mo¬

317 1515 463 1550 dernas
496 1513 715 1548 corrientes
736 1515 800 1549 del
837 1527 1034 1562 progreso,
1063 1517 1182 1551 sobre

316 1565 410 1598 todo
430 1575 481 1598 en
500 1565 558 1597 los
577 1563 706 1609 paises
718 1565 1040 1610 anglo-sajones,
1061 1565 1182 1599 debe¬

318 1624 403 1648 mos
435 1623 629 1659 procurar
664 1623 742 1658 que
786 1618 951 1647 nuestro
990 1614 1181 1659 proceder

318 1673 384 1695 sea
430 1660 479 1694 de
527 1660 699 1694 distinto
755 1661 871 1694 modo
918 1673 999 1708 que
1049 1662 1085 1695 el
1132 1662 1181 1694 de

319 1713 507 1743 nuestros
538 1707 914 1742 ex-dominadores.
942 1709 1181 1743 Procuraré-

323 1767 408 1790 mos
450 1766 529 1802 que
568 1755 607 1788 lo
653 1767 731 1802 que
770 1755 1085 1791 desarrollemos
1130 1769 1180 1791 en

317 1816 377 1839 ios
421 1803 626 1838 dominios
663 1803 728 1838 del
770 1804 1073 1851 pensamiento,
1112 1806 1179 1839 del

317 1852 493 1893 cerebro,
522 1864 563 1886 se
583 1851 776 1886 extienda
791 1853 907 1887 hasta
928 1853 1058 1900 llegar
1078 1856 1099 1888 á
1121 1855 1180 1888 las

316 1901 514 1935 fronteras
551 1899 599 1933 de
646 1899 683 1933 la
709 1901 899 1947 práctica,
919 1901 966 1935 de
988 1902 1027 1935 lo
1054 1914 1179 1949 expe¬

317 1949 521 1988 rimental,
545 1959 641 1994 para
656 1959 717 1982 ser
748 1951 833 1983 más
861 1950 937 1984 útil
958 1961 984 1996 y
1004 1949 1179 1985 fecunda

315 2010 366 2031 en
394 1996 620 2030 resultados
655 1996 851 2042 positivos
880 2005 1049 2032 nuestra
1064 1999 1179 2032 labor

318 2056 368 2080 en
386 2046 454 2091 pró
477 2044 540 2077 del
558 2044 967 2090 engrandecimiento
986 2046 1035 2080 de
1056 2059 1179 2081 nues¬

318 2097 378 2128 tra
397 2092 541 2127 Patria.
562 2092 828 2127 Procuremos
847 2106 925 2140 que
945 2105 1020 2127 nos
1042 2096 1180 2141 aplau¬

317 2141 397 2174 dan
413 2152 440 2186 y
461 2139 662 2179 admiren,
677 2141 762 2174 más
784 2152 854 2186 por
872 2142 932 2175 los
949 2141 1080 2175 hechos
1101 2155 1181 2188 que

320 2200 386 2234 por
401 2188 461 2221 los
477 2187 614 2221 dichos.
636 2188 707 2221 Los
727 2189 899 2233 pueblos
916 2189 1179 2225 únicamente

313 2247 537 2283 prosperan
578 2246 605 2281 y
641 2246 681 2267 se
709 2237 998 2282 engrandecen
1034 2250 1176 2284 proce¬

317 2284 466 2318 diendo
504 2282 568 2316 del
598 2283 750 2328 primer
785 2286 917 2319 modo.

363 2333 411 2366 Ajl
417 2346 454 2365 oí
468 2329 776 2371 crinadamente,
822 2335 843 2366 á
879 2337 1047 2367 nuestro
1084 2333 1175 2366 lado

316 2383 501 2414 tenemos
546 2378 567 2411 á
602 2389 685 2411 una
720 2378 881 2415 Nación
923 2392 1005 2427 que
1044 2392 1174 2423 posee,

316 2438 365 2461 en
393 2427 429 2461 el
452 2428 536 2461 más
569 2425 651 2460 alto
668 2427 805 2471 grado,
823 2430 858 2462 el
881 2428 1042 2463 sentido
1061 2431 1174 2475 prác¬

314 2478 408 2509 tico.
451 2474 584 2508 Todos
624 2468 808 2508 sabemos
846 2488 923 2523 que
957 2477 996 2510 la
1035 2488 1175 2522 mayor

313 2526 426 2568 parte
455 2523 503 2555 de
542 2520 603 2555 los
641 2521 832 2557 inventos
869 2523 1092 2558 realizados
1125 2536 1175 2558 en

311 2565 654 2604 Ñorte-América
686 2570 770 2604 han
796 2571 936 2605 tenido
965 2584 1013 2606 su
1033 2573 1175 2618 origen

314 2629 364 2652 en
388 2618 428 2652 la
459 2621 595 2651 mente
616 2618 665 2651 de
694 2617 830 2653 sabios
851 2631 1062 2666 europeos;
1084 2631 1175 2666 por¬

315 2678 394 2712 que
426 2667 548 2708 éstos,
590 2677 659 2712 por
696 2677 836 2700 causas
856 2669 941 2701 más
978 2670 998 2701 ó
1036 2680 1175 2702 menos

316 2713 547 2753 conocidas,
610 2724 663 2747 no
719 2714 1012 2760 consiguieron
1083 2716 1177 2749 salir

315 2762 380 2796 del
415 2772 559 2807 campo
580 2760 629 2794 de
649 2761 708 2794 las
729 2761 1047 2797 lucubraciones
1067 2763 1176 2797 cien¬

314 2809 463 2851 tíficas,
490 2808 709 2844 muriendo
725 2810 783 2844 así
805 2810 977 2846 muchas
1000 2810 1175 2858 grandes

315 2857 425 2892 ideas
462 2868 513 2892 en
540 2857 576 2891 el
613 2857 761 2892 mismo
780 2858 872 2893 sitio
906 2871 958 2894 en
991 2871 1069 2906 que
1102 2871 1175 2894 na¬

315 2905 465 2940 cieran,
511 2916 606 2950 para
650 2905 796 2940 revivir
814 2931 819 2935 -
849 2906 1038 2952 después,
1084 2908 1172 2941 cual

314 2965 383 2987 ave
411 2953 536 2987 fénix,
570 2965 621 2986 en
648 2954 689 2986 la
702 2953 825 2997 joven
858 2954 1059 2996 América;
1081 2966 1174 3000 pero

314 3012 367 3033 no
398 3011 451 3044 ya
484 3011 535 3032 en
565 3000 625 3033 las
654 3000 840 3045 regiones
875 3000 939 3034 del
958 3001 1176 3035 idealismo

1296 352 1385 385 sino
1423 364 1473 385 en
1506 352 1567 386 los
1595 352 1796 399 fecundos
1829 365 1854 399 y
1888 355 2012 387 útiles
2044 366 2157 387 cam¬

1294 410 1366 439 pos
1396 399 1444 431 de
1480 399 1519 431 la
1550 400 1823 444 experiencia.

1342 446 1415 478 Así
1454 445 1720 491 quisiéramos
1760 456 1829 479 ver
1871 447 1999 492 algún
2035 447 2102 479 día
2134 448 2157 478 á

1294 497 1459 526 nuestro
1494 493 1658 538 pueblo:
1705 493 1868 526 abrazar
1907 495 1968 527 los
2010 494 2156 526 nobles

1294 540 1613 586 pensamientos,
1647 545 1851 574 sustentar
1881 539 1942 573 las
1972 542 2057 574 más
2077 540 2157 574 bri¬

1293 589 1445 623 llantes
1484 589 1644 632 teorías;
1684 600 1777 636 pero
1816 589 1963 623 teorías
1996 601 2018 634 y
2057 600 2157 635 pen¬

1293 637 1514 672 samientos
1552 636 1599 672 de
1619 637 1845 672 inmediata
1881 636 2112 685 aplicación
2133 639 2154 671 á

1292 687 1331 720 la
1361 686 1551 732 práctica.

1337 733 1497 769 Precisa
1517 733 1637 767 hacer
1668 746 1725 768 un
1746 734 1882 768 molde
1899 745 1972 774 por
1986 739 2069 767 este
2086 746 2151 767 es¬

1292 782 1365 816 tilo
1387 793 1482 829 para
1509 787 1673 816 nuestro
1688 782 1838 828 pueblo
1877 781 1920 815 El
1940 793 1980 816 es
2000 781 2106 816 dócil
2127 794 2153 827 y

1291 842 1331 864 se
1358 830 1552 876 adaptará
1580 842 1657 865 con
1678 831 1940 865 maravillosa
1959 829 2153 865 facilidad

1290 880 1310 912 á
1345 879 1386 913 la
1419 877 1550 912 forma
1581 891 1660 926 que
1691 892 1730 913 se
1769 880 1805 913 le
1837 880 1898 913 dé.
1936 878 1993 912 En
2018 880 2057 913 la
2085 891 2152 912 ac¬

1289 926 1474 961 tualidad
1494 931 1680 962 tenemos
1700 929 1829 962 varios
1856 927 2052 973 ejemplos
2073 939 2152 973 que

1287 974 1522 1022 patentizan
1556 980 1640 1009 esta
1658 976 1911 1010 afirmación.
1950 976 1997 1008 Se
2023 976 2152 1010 funda

1287 1038 1369 1060 una
1399 1023 1630 1061 asociación
1661 1024 1895 1069 industrial,
1929 1025 2149 1063 comercial

1286 1076 1307 1109 ó
1340 1075 1532 1122 agrícola,
1574 1086 1672 1122 pues
1710 1076 1791 1110 allá
1822 1086 1916 1111 van:
1953 1076 2014 1109 los
2044 1088 2150 1111 unos

1286 1124 1511 1171 aportando
1541 1136 1588 1159 su
1621 1135 1820 1160 concurso
1854 1125 2033 1172 material
2056 1138 2082 1172 y
2101 1137 2149 1161 su

1284 1173 1553 1221 inteligencia
1593 1172 1654 1206 los
1695 1177 1818 1215 otros;
1866 1185 1908 1207 se
1962 1176 2055 1209 abre
2092 1186 2150 1209 un

1284 1221 1408 1265 Club,
1443 1233 1543 1269 pues
1577 1221 1664 1262 allí,
1715 1222 1819 1257 ricos
1856 1235 1883 1269 y
1915 1223 2072 1268 pobres,
2107 1236 2149 1259 se

1285 1270 1429 1306 lanzan
1455 1283 1505 1305 en
1529 1271 1659 1317 tropel
1686 1271 1865 1306 ansiosos
1889 1269 1939 1303 de
1958 1271 2151 1307 disfrutar

1285 1319 1343 1354 los
1380 1319 1586 1354 benéficos
1617 1319 1847 1354 resultados
1882 1318 1931 1352 de
1954 1324 2015 1355 los
2047 1322 2149 1368 ejer¬

1284 1368 1404 1403 cicios
1440 1369 1729 1403 intelectuales
1758 1381 1785 1415 y
1807 1369 2054 1414 corporales;
2087 1372 2149 1404 és¬

1283 1422 1342 1451 tos
1376 1416 1543 1451 últimos
1580 1428 1692 1452 como
1727 1417 1852 1452 factor
1883 1417 2147 1465 importantí¬

1283 1466 1383 1499 simo
1417 1477 1511 1512 para
1547 1465 1588 1499 la
1617 1465 1843 1500 formación
1872 1464 1921 1498 de
1955 1477 2012 1500 un
2046 1478 2147 1513 pue¬

1284 1515 1350 1549 blo
1375 1513 1517 1554 fuerte,
1553 1516 1721 1548 robusto
1757 1527 1783 1561 y
1810 1515 1968 1548 lozano.

1339 1563 1536 1597 Mientras
1567 1563 1626 1596 las
1660 1563 1798 1597 demás
1834 1563 2033 1598 naciones
2061 1562 2145 1597 dis¬

1283 1617 1403 1647 cuten
1441 1612 1479 1646 la
1517 1611 1811 1646 conveniencia
1853 1613 1874 1646 ó
1908 1614 1960 1646 nó
1995 1612 2043 1646 de
2074 1612 2145 1646 de¬

1282 1660 1415 1702 jarnos
1451 1660 1652 1706 gobernar
1698 1671 1769 1705 por
1809 1665 1997 1694 nosotros
2044 1661 2144 1695 mis¬

1284 1718 1384 1749 mos,
1405 1707 1597 1741 debemos
1629 1706 1745 1740 todos
1767 1708 1980 1754 comulgar
1999 1719 2051 1741 en
2081 1719 2138 1743 un

1281 1755 1366 1789 solo
1390 1754 1512 1796 ideal,
1530 1753 1764 1788 robustecer
1779 1767 1806 1802 y
1825 1754 2001 1789 afianzar
2022 1767 2144 1790 nues¬

1281 1807 1341 1838 tra
1359 1802 1650 1838 nacionalidad
1675 1815 1703 1849 y
1728 1803 1784 1837 los
1806 1804 2000 1838 derechos
2020 1805 2041 1837 á
2062 1806 2143 1840 ella

1279 1852 1529 1893 inherentes,
1555 1863 1651 1897 para
1669 1863 1715 1885 su
1735 1853 2143 1898 engrandecimiento

1281 1900 1422 1946 moral,
1445 1899 1628 1934 material
1649 1901 1668 1933 é
1688 1899 1943 1943 intelectual,
1965 1913 2036 1946 por
2059 1914 2143 1935 me¬

1281 1949 1346 1982 dio
1367 1948 1432 1982 del
1460 1949 1610 1982 común
1644 1959 1838 1983 concurso
1866 1948 1914 1982 de
1945 1949 2004 1982 las
2033 1950 2143 1984 cien¬

1280 1996 1374 2038 cias,
1398 2001 1515 2038 artes,
1544 1995 1761 2038 industria,
1798 1997 2013 2036 comercio,
2036 1997 2140 2044 agri¬

1280 2046 1440 2080 cultura
1459 2057 1484 2091 y
1501 2047 1607 2078 otros
1623 2055 1757 2079 ramos
1775 2046 1859 2079 más
1877 2045 1942 2079 del
1958 2045 2142 2080 humano

1281 2093 1408 2129 saber.

1328 2141 1389 2174 No
1424 2140 1600 2186 importa
1641 2152 1719 2185 que
1762 2140 1904 2174 ciertas
1945 2141 2141 2174 naciones

1283 2200 1352 2221 nos
1381 2188 1559 2235 nieguen
1590 2197 1661 2232 por
1690 2188 1813 2221 ahora
1856 2188 1892 2221 el
1928 2189 2141 2222 reconoci¬

1281 2235 1434 2270 miento
1454 2237 1502 2269 de
1523 2237 1710 2269 nuestros
1734 2235 1822 2270 más
1843 2235 2051 2281 legítimos
2069 2235 2139 2269 de¬

1280 2284 1435 2323 rechos;
1480 2285 1626 2330 pronto
1669 2294 1710 2317 se
1762 2285 2047 2317 convencerán
2093 2284 2142 2317 de

1278 2343 1357 2378 que
1382 2342 1433 2365 no
1462 2331 1544 2376 hay
1569 2328 1700 2365 fuerza
1725 2330 1909 2365 humana
1946 2342 2066 2377 capaz
2093 2332 2141 2365 de

1277 2390 1475 2425 oponerse
1511 2385 1654 2414 contra
1697 2379 1733 2412 el
1778 2378 2021 2412 irresistible
2054 2392 2140 2413 em¬

1277 2427 1372 2475 puje
1403 2427 1623 2462 dimanado
1658 2428 1723 2461 del
1759 2427 1977 2461 desarrollo
1999 2428 2048 2461 de
2081 2428 2140 2462 las

1277 2477 1390 2521 leyes
1425 2487 1504 2521 que
1555 2477 1669 2523 rigen
1714 2476 1751 2508 el
1804 2475 1990 2508 Cosmos.
2037 2476 2144 2509 Ade¬

1280 2525 1377 2562 más,
1396 2523 1435 2555 la
1452 2535 1551 2567 gran
1582 2523 1731 2558 nación
1765 2522 1813 2555 de
1855 2521 2141 2569 Washington

1277 2583 1304 2613 y
1336 2570 1533 2605 Franklin
1563 2584 1642 2614 que
1676 2581 1749 2604 nos
1784 2572 1845 2610 vé,
1869 2581 1941 2603 nos
1972 2571 2143 2604 observa

1278 2631 1329 2653 en
1359 2617 1477 2653 todos
1518 2624 1703 2653 nuestros
1737 2622 1859 2660 actos,
1894 2619 2141 2664 apreciando

1277 2671 1444 2702 nuestra
1476 2672 1668 2708 sensatez,
1700 2666 1884 2703 cordura,
1923 2666 2085 2712 aptitud
2116 2680 2141 2713 y

1278 2714 1466 2760 enérgica
1500 2716 1746 2757 resolución,
1779 2725 1832 2747 no
1869 2713 1923 2746 ha
1949 2714 1997 2747 de
2028 2726 2141 2761 rega¬

1277 2766 1372 2804 tear,
1423 2761 1481 2795 asi
1509 2763 1549 2796 lo
1590 2773 1781 2803 creemos,
1839 2765 2026 2795 nuestros
2073 2763 2142 2796 de¬

1277 2810 1419 2844 rechos
1461 2821 1487 2856 y
1518 2810 1802 2857 aspiraciones,
1857 2809 2140 2846 mostrándose

1277 2858 1350 2901 así,
1392 2869 1471 2892 una
1503 2870 1573 2893 vez
1607 2860 1707 2901 más,
1747 2862 2022 2893 consecuente
2062 2870 2140 2894 con

1278 2906 1396 2953 aquel
1428 2907 1632 2953 principio
1653 2907 1718 2941 del
1738 2906 1931 2940 inmortal
1953 2907 2138 2948 Monroe,

1280 2954 1459 2987 América
1475 2959 1569 2998 para
1599 2954 1652 2988 los
1680 2954 1906 2987 americanos
1914 2981 1920 2989 .

1326 3000 1532 3043 Trabajar,
1552 3013 1665 3046 pues,
1685 3000 1929 3046 empleando
1946 3000 2060 3034 todos
2079 3002 2139 3034 los
