2480 3507
443 288 478 308 12

1203 292 1248 321 La
1275 292 1418 324 Malasia

403 364 421 392 á
452 364 576 396 formar
615 371 801 407 conjeturas
836 374 935 401 sobre
969 374 1018 403 las
1049 378 1263 407 condiciones

402 403 607 441 estipuladas
638 411 731 438 entre
755 410 950 447 Aguinaldo
969 421 990 450 y
1007 414 1119 444 Primo
1140 417 1182 444 de
1205 416 1263 445 Ri¬

401 448 480 470 vera
505 451 527 479 y
554 447 778 485 consignadas
792 458 835 477 en
859 451 908 479 las
929 451 1098 482 cláusulas
1119 455 1174 484 del
1184 458 1263 484 acta

402 488 467 516 que
491 483 523 510 al
554 486 661 513 electo
692 495 727 514 se
766 488 916 523 levantó;
944 498 1005 519 nos
1043 494 1262 524 abstenemos

401 527 462 556 por
492 524 661 559 completo
689 527 729 554 de
751 527 852 556 hacer
876 529 1024 567 ninguna
1047 532 1258 570 suposición,

398 566 479 595 pero
497 562 531 589 lo
554 561 623 593 más
657 567 787 596 natural
820 575 843 604 y
867 571 1047 600 razonable
1076 581 1132 602 era
1165 581 1261 604 creer

398 607 462 636 que
491 602 620 640 España
647 608 854 637 conociendo
876 609 927 638 las
965 611 1195 648 aspiraciones
1216 615 1258 644 de

402 639 557 677 Filipinas
594 645 626 674 al
639 645 784 677 lanzarse
810 649 826 677 á
863 659 929 680 una
960 661 1089 690 guerra,
1126 656 1258 693 aquella

397 679 527 711 Nación
555 692 620 721 que
649 687 794 717 buscaba
823 688 853 718 la
878 699 939 727 paz
971 700 992 729 y
1017 693 1047 723 la
1081 696 1255 733 tranquili¬

397 720 498 758 ndad,
529 722 661 754 debiera
699 727 867 758 satisfacer
909 733 996 762 estas
1030 734 1257 770 aspiraciones

398 768 476 795 para
502 771 546 791 no
569 764 627 794 dar
653 766 747 805 lugar
774 767 791 798 á
821 777 950 799 nuevos
974 773 1163 812 conflictos,
1191 784 1256 812 que

394 801 493 831 harto
524 803 615 834 sabia
640 806 769 844 España
796 808 848 838 los
870 812 1015 848 grandes
1049 814 1164 851 males,
1190 825 1256 853 que

394 840 426 870 la
452 842 579 878 podían
602 853 762 877 acarrear:
787 848 857 878 días
873 851 912 879 de
928 852 1037 883 llanto
1056 864 1077 892 y
1100 854 1197 885 horas
1215 856 1255 885 de

396 881 589 912 desolación
618 894 697 922 para
722 888 769 917 las
792 889 913 927 pobres
942 894 1074 924 madres
1111 898 1254 934 españo¬

392 921 453 958 las,
486 932 552 959 que
576 924 684 956 daban
716 937 773 958 sus
801 930 892 968 hijos
919 933 952 961 al
984 935 1123 964 servicio
1141 936 1181 965 de
1212 945 1253 966 su

396 962 502 999 patria
530 972 549 1001 y
578 965 679 1004 luego
709 970 737 997 el
756 970 919 1006 gobierno
942 973 992 1002 los
1009 975 1174 1004 mandaba
1196 985 1253 1006 ve¬

397 1003 452 1032 nir
474 1011 491 1032 a
520 1003 679 1044 Filipinas
712 1016 792 1048 para
818 1010 949 1042 sofocar
974 1014 1005 1044 el
1031 1013 1130 1056 fuego
1156 1017 1197 1047 de
1220 1017 1253 1048 la

392 1044 603 1077 revolución.
633 1050 682 1079 En
710 1050 836 1081 Manila
859 1053 1003 1091 siempre
1033 1066 1071 1086 se
1102 1067 1255 1096 prepara¬

392 1084 458 1114 ban
487 1094 566 1122 para
603 1089 633 1117 el
673 1091 905 1123 recibimiento
935 1096 974 1125 de
1004 1096 1055 1127 los
1092 1099 1251 1128 soldados

390 1127 568 1162 españoles
599 1131 809 1169 gallardetes,
827 1134 1035 1175 banderolas,
1057 1146 1163 1176 arcos,
1183 1140 1251 1170 col¬

389 1166 543 1205 gaduras,
571 1168 719 1201 músicas
747 1182 770 1211 y
798 1174 1010 1213 anticipados
1046 1178 1172 1209 vítores
1208 1180 1250 1210 de

390 1213 445 1235 sus
474 1212 722 1246 compatriotas.
747 1215 908 1252 Aquellos
936 1217 1106 1254 soldados,
1140 1222 1201 1251 dos
1227 1220 1247 1250 ó

391 1249 457 1274 tres
484 1247 554 1277 días
581 1250 725 1289 después
751 1255 791 1282 de
822 1263 860 1284 su
885 1255 1026 1294 llegada,
1052 1259 1130 1288 iban
1157 1262 1173 1289 á
1200 1263 1249 1290 ios

389 1293 527 1325 campos
554 1290 595 1318 de
621 1291 745 1321 batalla
771 1294 788 1323 á
812 1297 923 1332 trepar
947 1296 997 1327 las
1021 1300 1250 1330 escabrosida¬

389 1327 459 1362 des,
489 1329 541 1358 sin
571 1339 653 1369 agua
678 1341 755 1369 para
784 1335 913 1373 mitigar
937 1345 975 1367 su
1011 1340 1080 1376 sed,
1109 1341 1162 1370 sin
1185 1342 1247 1371 ali¬

387 1369 501 1397 mento
529 1377 594 1406 que
608 1371 745 1408 pudiera
759 1374 865 1405 darlos
888 1377 984 1415 vigor
998 1378 1151 1411 bastante
1169 1390 1246 1418 para

386 1414 483 1444 pasar
514 1417 580 1438 con
611 1421 731 1442 menos
764 1413 882 1453 fatigas
910 1417 959 1446 las
999 1420 1151 1450 marchas
1183 1421 1247 1452 for¬

385 1448 494 1483 zadas,
520 1458 585 1487 que
611 1460 674 1481 con
692 1453 723 1482 el
738 1463 819 1491 peso
839 1456 880 1485 de
907 1459 1072 1497 correajes
1087 1470 1109 1499 y
1126 1461 1246 1493 fusiles

384 1486 518 1525 hacían,
543 1491 716 1530 obligados
746 1503 807 1531 por
827 1504 884 1525 sus
900 1496 996 1535 jefes,
1025 1499 1197 1532 buscando
1215 1504 1247 1532 al

387 1529 543 1567 enemigo
572 1539 638 1568 que
670 1534 718 1562 les
754 1537 940 1573 preparaba
983 1541 1115 1571 tumbas
1150 1545 1247 1573 entre

383 1568 529 1606 bosques
551 1580 572 1609 y
603 1573 712 1603 selvas
731 1584 752 1612 y
779 1580 873 1606 entre
895 1578 1035 1610 charcos
1057 1590 1079 1618 y
1095 1584 1243 1614 canales.

381 1610 545 1646 Aquellos
570 1612 834 1646 desventurados
857 1617 1025 1656 soldados,
1053 1632 1116 1659 que
1134 1625 1244 1660 pelea¬

383 1648 446 1677 ban
469 1658 511 1678 en
539 1651 677 1683 defensa
700 1655 741 1683 de
761 1655 793 1685 la
832 1656 1053 1689 inmoralidad
1083 1665 1242 1699 española

379 1696 421 1716 en
450 1688 621 1729 Filipinas,
647 1694 777 1723 morían
802 1705 845 1726 en
869 1698 918 1727 los
938 1701 1122 1739 combates,
1160 1705 1240 1733 mal¬

378 1727 535 1759 diciendo
567 1740 609 1761 en
631 1741 687 1762 sus
729 1738 896 1772 postreros
927 1739 1094 1772 lamentos
1129 1743 1145 1770 á
1180 1752 1238 1773 sus

378 1768 605 1805 gobernantes
635 1781 701 1809 que
721 1775 769 1804 los
796 1776 863 1806 han
893 1778 1050 1819 obligado
1074 1780 1091 1811 á
1122 1782 1239 1813 luchar

378 1812 496 1839 contra
524 1811 554 1839 la
577 1813 676 1842 razón
705 1823 726 1853 y
751 1816 780 1845 la
819 1817 963 1854 justicia.
998 1821 1134 1859 ¡Pobres
1170 1826 1236 1853 sol¬

376 1848 493 1879 dados!
520 1850 626 1882 Triste
650 1862 685 1883 es
716 1862 840 1892 pensar
880 1866 921 1887 en
955 1860 986 1888 la
1021 1870 1142 1900 sangre
1169 1873 1236 1901 que

375 1888 443 1917 han
461 1890 655 1922 derramado
673 1892 888 1926 inútilmente
912 1901 1064 1936 aquellos
1083 1901 1233 1934 infelices

376 1928 486 1958 nietos
525 1931 564 1960 de
592 1932 726 1971 Pelayo,
769 1944 836 1973 que
872 1939 938 1967 mal
967 1942 1125 1980 pagados,
1166 1945 1232 1973 mal

373 1968 599 2002 alimentados
619 1982 642 2011 y
675 1975 741 2004 mal
769 1977 929 2015 vestidos,
963 1979 1034 2011 han
1061 1982 1187 2012 venido
1214 1986 1232 2013 á

373 2008 541 2048 Filipinas,
583 2016 790 2052 engañados,
832 2025 911 2054 para
948 2020 1075 2061 ahogar
1110 2023 1139 2051 la
1169 2031 1232 2053 voz

371 2048 413 2077 de
437 2049 467 2077 la
493 2050 592 2081 razón
621 2062 642 2090 y
670 2055 710 2083 de
736 2056 767 2083 la
793 2056 923 2094 juslieía
944 2058 961 2088 é
991 2061 1171 2098 implantar
1199 2064 1230 2094 la

372 2088 519 2119 bandera
546 2093 586 2120 de
614 2094 645 2122 la
671 2095 784 2124 tiranía
808 2105 831 2133 y
855 2099 909 2126 del
929 2099 1148 2137 despotismo.
1166 2104 1229 2134 Esa

374 2136 491 2165 sangre
520 2130 560 2159 de
591 2140 656 2168 que
681 2134 775 2162 están
808 2136 874 2173 hoy
911 2140 1044 2170 teñidas
1083 2141 1123 2169 de
1153 2143 1227 2180 rojo

370 2167 419 2195 las
432 2167 547 2198 tierras
570 2170 728 2209 filipinas,
754 2175 871 2209 pesará
891 2179 990 2208 sobre
1009 2181 1040 2210 la
1066 2183 1226 2211 concien¬

368 2206 416 2234 cia
449 2207 490 2235 de
518 2209 568 2237 los
595 2211 822 2249 gobernantes
849 2220 1037 2253 españoles.
1054 2220 1097 2249 Se
1111 2221 1226 2251 levan¬

371 2244 461 2274 tarán
504 2249 604 2278 desde
648 2251 695 2280 las
735 2254 866 2282 tumbas
901 2257 940 2285 de
974 2259 1023 2288 los
1053 2261 1223 2298 soldados,

368 2286 470 2322 gritos
496 2289 537 2316 de
559 2293 703 2325 protesta
730 2297 844 2322 contra
862 2295 892 2323 la
918 2297 1034 2327 tiranía
1053 2301 1222 2337 española,

369 2333 435 2361 que
463 2324 519 2358 filé
544 2330 647 2366 quien
672 2331 722 2360 los
753 2333 915 2371 precipitó
934 2336 950 2365 á
966 2338 995 2366 la
1011 2341 1152 2369 muerte.

767 2754 813 2784 IV

390 2978 426 3006 El
444 2980 603 3016 gobierno
633 2983 772 3019 español
801 2984 907 3021 jamás
928 2985 972 3013 ha
996 2989 1143 3023 pensado
1166 2997 1210 3017 en

350 3016 397 3043 las
421 3019 679 3055 contingencias
697 3022 739 3050 de
766 3030 806 3050 su
837 3022 1054 3052 dominación
1077 3034 1121 3053 en
1159 3027 1208 3055 las

347 3054 424 3083 islas
453 3056 611 3093 filipinas:
642 3067 687 3088 no
703 3067 738 3088 se
769 3062 979 3098 preocupaba
1007 3062 1104 3099 nada,
1130 3071 1206 3100 por¬

1361 380 1428 416 qué
1455 391 1519 412 nos
1555 385 1669 415 creían
1702 396 1784 428 muy
1819 390 1995 429 incapaces
2031 403 2110 430 para
2137 397 2218 427 todo

1360 424 1494 451 merced
1526 421 1543 451 á
1569 423 1619 452 los
1648 425 1808 456 informes
1830 431 1871 459 de
1898 432 1949 459 los
1988 432 2102 463 frailes
2129 443 2150 473 y
2177 437 2217 465 de

1359 459 1424 487 casi
1454 461 1551 490 todos
1580 463 1630 491 los
1658 466 1884 502 gobernantes
1904 478 1968 506 que
1998 471 2063 500 han
2092 475 2217 504 venido

1360 497 1377 526 á
1406 501 1628 537 comtemplar
1652 505 1681 532 el
1712 506 1811 535 brillo
1847 507 2031 547 halagador
2056 511 2098 540 de
2119 512 2147 541 la
2175 514 2218 542 ri¬

1360 545 1461 573 queza
1489 541 1554 569 mal
1592 542 1768 579 adquirida
1794 547 1835 575 de
1874 549 1920 576 Ls
1962 552 2215 587 corporacianes

1356 576 1540 617 religiosas.
1563 580 1717 621 Después
1740 586 1793 614 del
1807 590 1901 624 pacto
1914 589 1953 617 de
1976 589 2061 621 Biak
2082 601 2122 621 na
2138 590 2223 623 baló¬

1357 626 1392 646 se
1423 623 1645 656 presentaron
1672 633 1769 656 auras
1798 628 2018 660 bonancibles
2041 632 2083 660 de
2114 640 2173 669 paz
2193 642 2216 673 y

1356 659 1397 687 de
1426 664 1579 696 ventura;
1604 663 1652 693 los
1681 667 1824 702 pueblos
1850 669 2028 699 volvieron
2061 672 2078 701 á
2100 681 2136 701 su
2165 683 2215 703 es¬

1355 699 1433 728 tado
1463 702 1604 739 normal,
1630 708 1817 742 esperando
1839 709 1870 737 el
1900 711 2038 740 ansiado
2058 711 2148 742 fruto
2172 715 2213 744 de

1355 747 1394 767 su
1419 740 1524 774 labor;
1553 745 1633 771 cada
1664 745 1796 783 filipino
1831 748 1978 778 formaba
2008 759 2050 779 en
2068 760 2124 781 sus
2138 762 2215 790 pen¬

1354 780 1535 810 samientos
1557 783 1720 819 gallardas
1735 787 1907 824 imágenes
1927 791 1981 819 del
1999 793 2155 827 porvenir
2171 794 2214 823 de

1354 827 1392 848 su
1425 822 1559 858 pueblo,
1594 832 1657 860 que
1683 825 1726 854 ha
1745 827 1890 857 luchado
1917 838 2025 860 meses
2060 841 2080 870 y
2106 841 2212 864 meses

1354 869 1394 888 en
1411 862 1515 892 busca
1532 863 1572 891 de
1594 864 1783 903 libeitades;
1810 869 1858 898 los
1884 871 2109 908 trabajadores
2122 882 2211 903 cam¬

1355 902 1492 937 pesinos
1520 902 1587 933 han
1610 905 1729 942 dejado
1766 909 1796 938 el
1826 908 1901 939 bolo
1940 919 2017 948 para
2052 914 2142 951 cojer
2177 915 2209 943 el

1352 942 1461 976 arado;
1490 942 1538 972 los
1572 943 1791 978 industriales
1822 956 1865 986 ya
1894 959 1940 979 no
1968 953 2142 987 pensaban
2167 963 2211 983 en

1351 978 1493 1012 fabricar
1509 982 1528 1011 ó
1556 986 1711 1022 negociar
1727 989 1940 1019 municiones
1969 999 1992 1027 y
2010 1000 2117 1022 armas
2133 1003 2210 1032 para

1352 1022 1535 1054 contribuir
1553 1024 1581 1054 al
1602 1026 1726 1067 trabajo
1757 1029 1797 1060 de
1822 1029 1872 1060 los
1907 1032 2205 1066 revolucionarios:

1350 1063 1423 1093 sólo
1452 1067 1624 1103 pensaban
1650 1077 1689 1097 en
1712 1069 1879 1102 fomentar
1903 1080 1959 1102 sus
1986 1073 2169 1106 industrias
2186 1086 2208 1116 y

1351 1112 1406 1134 sus
1440 1104 1596 1136 fábricas.
1629 1107 1742 1139 Todos
1766 1113 1964 1150 esperaban,
1991 1122 2014 1151 y
2058 1118 2208 1153 pasaban

1349 1143 1420 1175 dias
1449 1148 1514 1176 tras
1543 1145 1622 1184 días,
1642 1156 1792 1181 semanas
1826 1156 1890 1183 tras
1916 1162 2070 1184 semanas
2093 1166 2112 1193 y
2143 1166 2208 1186 me¬

1350 1193 1403 1215 ses
1430 1188 1498 1216 tras
1529 1196 1649 1223 meses;
1684 1191 1733 1220 las
1766 1193 1945 1224 libertades
1970 1204 2015 1225 no
2036 1196 2203 1236 llegaban,

1348 1226 1376 1254 la
1405 1225 1587 1257 influencia
1623 1229 1664 1257 de
1690 1230 1738 1260 los
1777 1232 1901 1270 frailes,
1933 1236 2019 1274 lejos
2058 1237 2099 1266 de
2134 1239 2205 1267 des¬

1346 1275 1514 1302 aparecer,
1549 1276 1584 1296 se
1621 1271 1832 1302 robustecían
1877 1276 1946 1303 más
1982 1285 2002 1313 y
2040 1285 2122 1311 mas;
2155 1278 2202 1308 las

1345 1308 1560 1337 autoridades
1583 1317 1626 1336 no
1648 1318 1683 1338 se
1706 1310 1902 1344 refrenaban
1928 1323 1971 1344 en
1988 1325 2044 1345 sus
2066 1318 2201 1355 abusos;

1348 1347 1378 1375 la
1409 1348 1546 1385 guardia
1577 1348 1658 1378 civil
1687 1352 1802 1390 seguía
1819 1361 1881 1382 con
1905 1356 1951 1385 las
1975 1357 2112 1387 mismas
2140 1359 2201 1387 im¬

1346 1389 1534 1425 punidades
1561 1396 1603 1418 en
1632 1398 1687 1419 sus
1714 1394 1893 1430 atropellos
1919 1405 1939 1433 y
1968 1405 2144 1433 crímenes;
2172 1400 2201 1428 la

1341 1427 1481 1466 justicia
1512 1437 1558 1458 no
1597 1438 1632 1459 se
1668 1434 1858 1468 practicaba
1891 1444 1956 1464 ccn
1992 1438 2023 1465 el
2051 1439 2151 1467 brillo
2179 1449 2202 1479 y

1345 1470 1526 1505 esplendor
1560 1473 1754 1507 necesarios;
1779 1475 1806 1502 la
1837 1476 2010 1513 seguridad
2046 1480 2201 1514 personal

1343 1510 1459 1547 seguía
1487 1510 1736 1547 desamparada;
1770 1523 1804 1543 se
1823 1513 1945 1546 hacían
1970 1519 2200 1556 apresamien¬

1344 1550 1393 1577 tos
1421 1550 1463 1579 de
1486 1550 1678 1586 inocentes;
1716 1554 1747 1582 la
1772 1555 1888 1592 policía
1932 1563 2058 1587 secreta
2092 1561 2200 1589 conti¬

1345 1590 1454 1618 nuaba
1483 1590 1727 1629 funcionando;
1752 1603 1794 1624 en
1817 1595 1865 1625 las
1893 1597 2037 1628 cárceles
2065 1607 2085 1638 y
2108 1606 2200 1629 Cuar¬

1343 1630 1426 1659 teles
1458 1640 1492 1660 se
1520 1635 1709 1662 torturaban
1759 1635 2058 1668 inhumanamente
2094 1641 2110 1669 á
2147 1642 2197 1671 los

1340 1678 1468 1706 presos;
1499 1671 1547 1700 las
1581 1672 1837 1710 deportaciones
1875 1685 1952 1707 eran
1994 1677 2196 1716 frecuentes;

1339 1710 1389 1738 los
1407 1710 1653 1742 fusilamientos
1677 1721 1713 1742 se
1753 1715 1954 1747 verificaban
1972 1718 1992 1745 ó
2021 1720 2142 1750 dentro
2156 1721 2199 1751 de

1336 1750 1384 1777 las
1413 1751 1578 1786 prisiones
1605 1751 1625 1780 ó
1661 1751 1750 1782 fuera
1784 1758 1825 1784 de
1857 1756 1908 1785 los
1944 1759 2105 1793 poblados
2143 1762 2195 1790 sin

1335 1789 1567 1820 formaciones
1591 1792 1632 1819 de
1662 1795 1861 1831 expediente
1882 1797 2054 1836 ninguno;
2080 1800 2132 1829 los
2147 1809 2207 1829 es¬

1336 1831 1477 1867 pañoles
1525 1831 1662 1870 seguían
1714 1834 1904 1872 ejerciendo
1943 1845 1982 1867 su
2019 1839 2117 1868 oficio
2156 1841 2196 1870 de

1334 1872 1492 1909 verdugo,
1519 1881 1557 1900 en
1579 1872 1637 1907 fin,
1659 1875 1848 1904 estábamos
1873 1876 2018 1915 después
2033 1879 2075 1908 de
2087 1881 2119 1908 la
2135 1889 2195 1917 paz

1335 1910 1377 1938 de
1404 1910 1643 1941 Biak-na-bato
1664 1914 1697 1941 lo
1716 1914 1837 1944 mismo
1853 1915 1873 1944 ó
1892 1926 1974 1953 peor
1996 1927 2060 1956 que
2079 1923 2188 1949 antes:

1334 1950 1430 1979 todos
1470 1952 1653 1991 esperaban
1691 1962 1712 1992 y
1740 1956 1832 1985 todos
1866 1964 1903 1984 se
1935 1958 2190 1995 desesperaban;

1332 1990 1521 2027 perdíamos
1547 1993 1689 2028 poquito
1707 1995 1725 2022 á
1742 2003 1824 2031 poco
1842 1995 1892 2025 las
1910 2005 2103 2034 esperanzas
2126 2008 2193 2037 que

1332 2030 1536 2060 tuviéramos
1565 2040 1602 2061 en
1620 2033 1650 2061 la
1676 2033 1785 2063 buena
1813 2034 1844 2064 fé
1867 2045 1908 2065 cíe
1926 2037 1977 2066 los
2002 2040 2191 2075 españoles.

1329 2071 1365 2097 El
1393 2073 1515 2107 pueblo
1539 2071 1672 2108 filipino
1693 2074 1905 2112 comprendía
1938 2079 1969 2106 el
1992 2082 2126 2115 engaño
2151 2081 2191 2109 de

1327 2108 1440 2139 Primo
1468 2113 1509 2139 de
1545 2111 1669 2141 Rivera
1700 2122 1766 2151 por.
1795 2115 1843 2143 las
1881 2117 2102 2154 decepciones
2125 2128 2191 2156 que

1328 2151 1440 2178 estaba
1481 2151 1667 2186 sufriendo;
1711 2154 1760 2182 los
1799 2153 1930 2184 ánimos
1982 2165 2018 2185 se
2066 2159 2189 2186 exalta¬

1326 2188 1401 2223 ban;
1431 2190 1480 2218 los
1508 2198 1686 2220 corazones
1716 2200 1750 2221 se
1772 2192 1979 2224 inflamaban
2004 2205 2026 2232 y
2055 2198 2084 2225 el
2109 2199 2188 2228 odio

1325 2226 1344 2256 á
1371 2228 1423 2257 los
1450 2230 1628 2265 españoles
1658 2230 1775 2261 volvió
1793 2233 1809 2260 á
1840 2236 2047 2264 encenderse
2068 2237 2187 2266 dentro

1325 2267 1366 2296 de
1393 2269 1440 2297 los
1460 2270 1584 2306 pechos
1603 2270 1756 2307 filipinos
1794 2272 1853 2301 Sin
1879 2274 2039 2314 embargo
2059 2277 2088 2305 el
2114 2285 2187 2306 sen¬

1325 2310 1394 2336 sato
1425 2309 1548 2344 pueblo
1578 2310 1708 2347 filipino
1730 2312 1929 2342 continuaba
1955 2323 1996 2342 en
2021 2317 2185 2351 prudente

1324 2355 1453 2384 espera;
1490 2357 1535 2377 no
1571 2350 1687 2386 quería
1726 2352 1872 2380 lanzarse
1899 2355 1942 2382 de
1969 2363 2083 2384 nuevo
2106 2354 2124 2383 á
2153 2357 2182 2384 la

1325 2388 1522 2417 revolución
1557 2389 1716 2420 mientras
1752 2400 1796 2420 no
1823 2393 1992 2422 decidiera
2030 2395 2060 2422 el
2100 2403 2181 2433 gran

1324 2428 1485 2465 caudillo,
1503 2437 1567 2466 que
1584 2430 1697 2460 estaba
1725 2439 1764 2460 en
1793 2431 2004 2472 Hong-kong

1740 2677 1767 2706 V

1353 2906 1483 2943 España
1510 2907 1624 2935 estaba
1645 2915 1688 2934 en
1716 2915 1802 2944 gran
1822 2908 1948 2944 peligro
1977 2916 2104 2945 porque
2130 2919 2168 2939 su

1312 2947 1445 2982 orgullo
1467 2954 1488 2982 y
1510 2954 1548 2974 su
1571 2946 1800 2982 imprudencia
1828 2947 1856 2974 la
1876 2947 2025 2975 llevaron
2042 2949 2070 2975 al
2088 2956 2168 2977 con¬

1309 2982 1402 3012 flicto
1425 2992 1486 3011 con
1503 2984 1668 3020 América,
1683 2983 1810 3013 Nación
1826 2986 1963 3022 grande,
1990 2987 2162 3022 poderosa,

1308 3022 1376 3050 rica
1402 3031 1424 3057 y
1451 3022 1547 3054 libre,
1594 3023 1647 3050 sin
1682 3022 1851 3060 embargo,
1879 3029 1967 3052 nada
1997 3024 2095 3053 hacía
2131 3028 2163 3053 el

1309 3059 1473 3097 gobierno
1516 3062 1655 3097 español
1700 3069 1742 3089 en
1795 3069 1851 3089 sus
1899 3062 2051 3091 colonias
2083 3071 2168 3099 para-
