2479 3508
144 95 421 198 Fémina
1968 85 2200 176 Página 4
1040 632 1852 777 PARRAFOS
1783 830 2148 933 Para FEMINA.
753 958 844 1089 L
872 955 2227 1067 AS generaciones futuras al volver los ojos atrás no
895 1043 2231 1119 habrán de explicarse la razón por qué en pleno siglo
909 1109 2233 1184 XX no está aceptado por todos los pueblos de la tierra
889 1184 2231 1259 la participación de la mujer en todos los asuntos con
887 1245 2233 1320 las mismas facultades y capacidad que el hombre. La
658 1310 2231 1405 diferencia de sexo no es un motivo que justifica que ella no pue-
650 1381 2231 1455 da disfrutar de los mismos derechos, por ejemplo, los del Estado.
658 1443 2237 1538 cuando está dotada de una naturaleza idénticamente igual a la
650 1528 2231 1609 del compañero con el cual comparte sus sinsabores y sus alegrías.
650 1583 2239 1662 La tradición, empero, la conserva aún limitada y restringida a
654 1658 2233 1733 los caprichos del otro sexo, cuando podía estar á su lado suman-
660 1719 1864 1812 do sus esfuerzos al adelanto y progreso universal.
765 1790 2235 1883 Espontáneamente la mujer se abre paso por su propia ini-
658 1868 2237 1955 ciativa y su influencia de algunos años a esta parte se hace sentir
658 1939 2239 2026 en las letras, las ciencias, el comercio, las industrias y hasta en
658 2008 1397 2099 las mas arriesgadas empresas.
765 2075 2239 2182 Es un egoísmo del hombre, como lo es en la cuestión de raza
654 2152 2235 2245 el desconocimiento que el blanco ha querido hacer de las facul-
658 2227 2243 2300 tades del negro, el empeño de no querer aceptar que no existen
664 2294 2233 2370 diferencias entre el varón y la hembra y que ambos han de tener
658 2360 2241 2449 ante la sociedad y sus diferentes faces el mismo alcance intelec-
666 2431 2247 2530 tivo, la misma fuerza muscular y las mismas aspiraciones al logro
664 2498 2239 2587 de sus propósitos e ideales. Hay quien la crea mas débil en su
658 2561 2237 2644 estructura física, pero esto solamente lo piensan quienes no tie-
656 2630 2239 2711 nen en cuenta que la falta de ejercicio agota las energías de la
666 2707 2239 2794 carne y del espíritu. Si el hombre estuviera en iguales condi-
666 2771 2237 2856 ciones que la mujer no habría quienes treparan á los altos anda-
664 2838 1844 2925 mios ni atizaran los hornos de las calderas......
1783 2915 2198 3032 FELIX M. PEREZ.
664 3024 806 3113 1922.
