2479 3508
340 195 1966 370 Farmacia "Miramar"
695 398 1773 513 V. Diaz Ordoñez Co., S. en C.
379 543 2063 702 Drogas, Productos Químicos, Perfumería, Optica.
1187 734 1987 869 San Pedro de Macoris.
462 941 1925 1086 Farmacia "San Luis"
807 1065 1658 1198 del Lic. F. M. Veloz S.
665 1208 1771 1322 Separación 88. Santo Domingo.
407 1343 2040 1493 Agencia General de las preparaciones de la Sra.
775 1470 1674 1608 GERVAISE GRAHAM
405 1670 1502 1828 Farmacia "San Pedro"
805 1817 2001 1983 y Farmacia "San Pablo"
379 1985 2086 2128 Completo Surtido de Medicinas frescas y a precios muy baratos
658 2098 1796 2226 Agencias de los afamados Remedios Nyal.
1300 2224 2068 2344 San Pedro de Macorís.
616 2417 1835 2567 Juan A. Acevedo
991 2553 1460 2652 ARMADOR.
310 2643 2155 2739 Dueño de la Empresa Fluvial de los Remolcadores de Gasolina "Santomé", "Beler" y
322 2726 2160 2799 "Enriquillo". Dueño del rápido vapor "Capotillo"; de la hermosa Goleta "Trinidad
343 2794 2114 2864 Sánchez", movida por potente motor de gasolina y del buque de vela "Higuemota".
304 2847 2146 2946 Seguro itinerario—Honradez y prontitud en las cargas y descargas de nuestros bar¬
702 2912 1762 3008 cos. Comodidad y buen trato para los pasajeros.
554 2988 1371 3096 Agencia Principal: Avenida España.
1396 2976 1907 3103 San Pedro de Macorís.
