2479 3508
932 361 1506 468 Voz de Aliento.
1247 502 2075 570 inmenso y fecundo campo de ins-
1257 558 2079 632 piración, que le brinda el azul
1268 613 2076 685 purísimo de nuestro cielo, la alti-
1265 672 2078 738 vez y majestuosidad de nuestras
1257 722 2079 780 montañas, el incesante rumor de
1260 775 2075 855 nuestros ríos que riegan y fertili-
1257 826 2079 893 zan nuestras románticas campi-
1259 892 1374 955 ñas.
1309 919 2076 1014 Pero hoy, sacude el letargo y
1260 998 2078 1062 la timidez que le envolvía, se lan-
1266 1040 2089 1116 za airosa á vaciar sus ideas en las
1266 1093 1942 1171 nítidas páginas de "Fémina"
1316 1152 2092 1214 Avante! Anfora de luz, que
1259 1224 2093 1275 serás gloria, grandeza y fuente,
1263 1268 2101 1328 donde la mujer dominicana, en
1263 1309 2096 1370 dulce consorcio con las flores, irá
1265 1365 2085 1434 hacia tí en pos del ideal que aca-
1263 1419 2082 1491 ricia: El desenvolvimiento inte-
1269 1463 2085 1539 lectual, en medio del diáfano cielo
1263 1525 2092 1593 de nuestra ansiada y sacrosanta
1262 1586 1503 1659 Libertad.
1640 1614 2037 1721 EDUVIGIS ROSAS.
350 509 1178 588 El sol radiante de la idea ha ve-
344 551 1170 624 nido á iluminar, con destellos
352 626 1171 699 hermosísimos, las conciencias fe-
350 678 1161 737 meninas, para que dentro del pa-
347 737 1168 799 lenque del periodismo, surja, como
352 787 1171 846 ha surjido, simpática, perfumada,
344 842 1164 901 con ese suave aroma que encierra
352 892 1161 967 la mujer, la Revista "Fémina"
347 945 1167 1016 señalándole la ruta que debe se-
360 1001 1161 1070 guir en pos de la cultura á que-
347 1059 521 1122 aspira.
404 1082 1167 1165 Nuestra mujer, ya sea por el
352 1165 1167 1221 rudo batallar de la labor cuoti-
350 1214 1173 1286 diana en el hogar, o luego por la
360 1272 1171 1335 lucha por la existencia, se ha limi-
350 1325 1170 1388 tado a ostentar únicamente su ca-
363 1383 1178 1449 pacidad intelectual en el foro, en
350 1429 1178 1486 el amplio campo que le brinda la
355 1483 1175 1547 lente del microscopio, o bien, en
355 1539 1175 1601 el exámen de raras combinaciones
355 1594 1175 1644 químicas, dejando dormidos sus
350 1642 1175 1712 sentimientos poéticos, a pesar del
1069 2092 1387 2190 Ausencia.
1416 2191 1781 2279 De S. N. Gleen.
708 2296 1695 2375 A veces entre largas sombras, en la espesura,
619 2344 1528 2433 las fugitivas ondas del sol pasan de prisa;
633 2410 1575 2479 y se empañan mis ojos de una dulce ternura
627 2467 1623 2538 creyendo que te miro, pensando en tu sonrisa.
725 2548 1754 2629 Y otras veces, los árboles de la umbrosa floresta.
636 2617 1718 2692 por la tarde murmuran no se qué entre sus ramas;
636 2666 1682 2739 y en mis labios amantes surge ansiosa respuesta,
639 2732 1796 2806 pensando que te escucho, creyendo que me llamas....
1377 2808 1703 2896 Traducido por
1291 2880 1785 2977 B. PORTELA ALVAREZ.
636 2955 1098 3042 Santo Domingo, 1922.
