2479 3508
258 86 460 178 Página 5
1042 404 1491 515 Remember.
721 542 1749 609 Quietud de un mar de plomo, esa es la mía
668 609 1538 674 bajo el sopor de mi pesar que hiela,
668 666 1430 738 en la hora infeliz que mi poesía
668 714 1544 785 es alondra sonámbula que vuela....
724 787 1587 857 ¿Y a dónde va la inquieta peregrina
673 846 1504 910 si nó a buscar en el oriente de oro
673 893 1406 962 indicios de tu gracia celestina,
668 929 1545 1037 de mis versos de amor, al triste coro?
730 1021 1576 1110 Mas no tienes igual y en vano boga
668 1093 1552 1153 en lo azul del ensueño y se apresura
673 1136 1609 1197 volviendo, tras la niebla que me ahoga,
673 1190 1627 1258 a esfumar, con sus trinos, mi amargura.
730 1259 1558 1338 Retorno pues, a mí, que solamente
668 1322 1488 1389 fragante como tú, la imagen tuya
676 1376 1593 1449 encuentro sobre el lienzo de mi mente
673 1426 1463 1508 a cuyo influjo el corazón arrulla.
726 1496 1600 1578 ¡Y qué gracil te miro entre las rosas
676 1567 1427 1626 que prendió para tí la fantasía,
676 1621 1602 1682 no tan bellas cual tú, ni mas hermosas
679 1668 1627 1758 que tu alma en la cual no muere el día.
726 1749 1495 1816 Pero pasa el feliz arrobamiento
682 1805 1509 1874 porque en la vida lo real me atrae,
688 1850 1573 1926 y lo mismo que ayer, mi pensamiento
675 1910 1414 1994 de la verdad, en el regazo, cae.
742 1988 1654 2058 Ya no es la dulce alondra la que trina
676 2038 1540 2109 frente al mar pesaroso de mi hastío,
680 2092 1459 2165 ¡pasó de la ilusión lo mas divino
679 2140 1576 2215 dejando entre la sombra el estro mío!
733 2215 1612 2295 ¡Oh dura realidad! ¡Oh amada mía:
685 2273 1555 2345 las veces rememoro en que, sediento,
679 2343 1467 2410 si me dieron tus labios ambrosía
682 2377 1516 2468 entregáronme al rudo sufrimiento!
739 2473 1602 2538 Y es que temes no ser, eternamente,
679 2522 1622 2589 cuanto ha querido el corazón deshecho:
685 2577 1517 2634 un lampo celestial sobre mi frente
679 2638 1552 2709 y una rosa de amor, sobre mi pecho!
1336 2714 1812 2794 MANUEL E. SUNCAR.
682 2762 1212 2857 Santo Domingo, 1922.
1987 90 2256 174 Fémina
