2479 3508
235 79 420 172 Página7
1961 102 2230 186 Fémina
863 1484 1592 1607 CARTA LIRICA.
1343 1702 2176 1799 Quien fuera la cintilla que decora
1335 1798 2137 1867 la romántica albura de tu frente,
1348 1852 2173 1948 y los nimbos de plata de la aurora
1354 1922 2177 2007 para verte dormir tranquilamente.
1342 2054 2058 2143 Yo soy un egoísta de tus ojos,
1343 2134 2239 2208 y en las noches tranquilas y estivales
1342 2197 2162 2282 de mirarlos de cerca siento antojos
1340 2252 2127 2338 a la luz de las lámparas astrales.
1342 2393 2194 2467 Y en un jardín de rosas y azucenas
1345 2466 2086 2544 en éxtasis sublime de embeleso
1340 2530 2125 2606 aspirar la miel hiblea de tu beso
1340 2610 2075 2685 en las noches azules y serenas.
1345 2727 2251 2822 Y después.. cuando todo esté dormido
1340 2797 2194 2888 de la alta noche en la silente calma
1345 2863 2251 2928 ven junto á mí..... mi corazón es nido
1343 2928 2134 3025 para calmar la fiebre de tu alma!
187 1725 994 1801 Yo guardo para tí con la armonía
178 1790 935 1870 de todos los encantos juveniles
185 1849 873 1940 un manojo de flores y poesía.
185 1926 1071 2016 para el imperio de tus veinte abriles.
185 2039 1017 2138 Mi alma para tí siempre está llena
178 2130 985 2206 de románticos cuentos orientales;
185 2203 1006 2299 y al soñar tu blancura de azucena
182 2272 875 2344 van a tí mis suspiros ideales.
185 2382 982 2462 Yo imito al sol al luminar el día
182 2473 1047 2532 que se esconde detrás de tu persiana
177 2524 967 2614 para ver tu hermosura y lozanía
182 2603 991 2691 a través del cristal de tu ventana.
178 2726 973 2807 Tu lánguida mirada me enagena,
182 2806 976 2881 y en una dulce idealidad provoca
176 2861 898 2944 el rictus sujerente de tu boca:
173 2930 1000 3027 un ánfora de mieles siempre llena.
1692 3017 2199 3100 MARIO CAMINERO SANCHEZ
