2479 3508
832 214 1703 315 FEMINA
546 411 1952 473 REVISTA DE LITERATURA, CIENCIAS Y ARTES
824 447 1665 509 CONSAGRADA A LA MUJER
880 567 1612 620 DIRECTORA ADMINISTRADORA:
770 617 1728 676 PETRONILA ANGELICA GOMEZ
1065 677 1421 730 Maestra Normal.
1071 793 1403 846 REDACTORES:
764 856 1719 918 MARIA L. ANGELIS DE CANINO.
334 904 2146 969 PETRONILA A. GOMEZ, CONSUELO MONTALVO DE FRIAS.
241 1035 426 1094 año 1
838 1035 1665 1094 San Pedro de Macorís. Octubre 1o. de 1922
2113 1041 2242 1094 No. 5
501 1229 1982 1297 LA MUJER COMO ENTIDAD.
220 1444 1221 1497 SABIDO es que los pueblos que no han
203 1483 1218 1548 dignificado á la mujer, tratándola como
197 1543 1224 1602 á un ser inútil y como un instrumento de
197 1605 1212 1658 placer, no viendo en ella nada mas que un
197 1650 1218 1712 objeto para sus propias conveniencias, son
200 1704 1218 1763 los que han vivido en un estado de incul¬
194 1758 632 1814 tura y salvajismo.
244 1812 1212 1873 A la mujer de esos pueblos no se les ha
194 1862 1212 1924 dejado tiempo para hallar por sí misma la
194 1916 1221 1978 virtud moralizadora, y se ha resignado á
203 1970 1209 2029 vivir en el embrutecimiento, resultando
191 2026 1218 2082 como consecuencia, que sus hijos se revol¬
191 2077 1215 2136 caran en el lodo y serán esclavos de las
191 2134 662 2187 mas bajas pasiones.
244 2188 1215 2244 Por el contrario, los pueblos de la mas
191 2238 1212 2297 remota antiguedad que dejaron algún ras¬
185 2289 1209 2351 tro de cultura y refinamiento, ya le habían
194 2343 1206 2405 concedido á la mujer todos los honores,
185 2400 1206 2459 haciéndola un centro donde convivieran
194 2453 1209 2512 los mas puros ideales y los mas delicados
188 2507 513 2560 sentimientos.
238 2561 1209 2620 Los pueblos modernos han hecho mas
185 2612 1212 2671 aún.... Ellos reconocen que el valor físi¬
185 2665 1203 2724 co de la mujer es la base firme del engran¬
182 2719 1200 2778 decimiento moral e intelectual de la socie¬
185 2773 1194 2832 dad y del país, que ella modela el alma y
188 2824 1197 2883 el corazón de sus hombres y de ahí el he¬
182 2877 1203 2936 cho, de haberle concedido á las Naciones
188 2928 1212 2990 Civilizadas el privilegio de reconocerle sus
185 2985 1206 3044 dorechos políticos, para que con el hombre
188 3045 1200 3098 que ella educa y prepara para la lucha de
179 3095 1206 3151 la vida, vaya unida a laborar por el mejo¬
1262 1444 1907 1497 ramiento de la humanidad.
1319 1495 2277 1551 La mujer como hija, como esposa y como
1259 1549 2266 1605 madre es la compañera del hombre, digni¬
1259 1603 2277 1655 ficada por él, y si el hombre en vez de con¬
1259 1656 2277 1712 cederle esos honores, la empuja para inu¬
1262 1710 2280 1763 tilizarla privándola de poner en ejercicio
1253 1764 2271 1814 sus actividades en bien de ella y de la so¬
1259 1817 2269 1867 ciedad, ese hombre se olvida que nació de
1256 1868 2269 1921 una mujer que lo enseñó a sentir, a respe¬
1262 1922 2266 1978 tar, á crecer y á vivir entre seres pensan¬
1262 1976 1346 2029 tes.
1307 2029 2271 2082 Afortunadamente en este siglo lamado
1286 2083 2274 2136 El Siglo de la Mujer ya está reconocida
1265 2140 2269 2193 por todos los países civilizados, la mujer
1256 2188 2263 2244 como entidad; no como un ser inútil y sola¬
1259 2241 2110 2294 mente para satisfacción del hombre.
1304 2295 2266 2351 ¡Mujeres, todas á una procuremos edu¬
1253 2349 2260 2411 carnos para bastarnos á nosotras mismas y
1259 2403 2269 2453 conquistar nuestra independencia, pensan¬
1253 2456 2263 2506 do en que se ha de ser esposa compañera
1250 2507 2260 2569 del hombre, en que se ha de ser madre, y
1253 2558 2266 2614 dar á la patria hijos sanos y robustos mo¬
1253 2615 2266 2668 ral y materialmente, pensando en fin, en
1253 2668 2266 2721 que hemos de contribuir fuera del papel
1256 2719 2263 2775 de esposa y madre á los grandes ideales
1250 2773 2260 2829 del progreso moral, y material de nuestro
1250 2833 1367 2892 país.
1636 2937 2212 2990 MARIA DEL MAR CARIBE.
1253 3015 2266 3071 San Pedro de Macorís, 22 de Agosto 1922.
1833 3080 2101 3148 Villa Sol
