2479 3508
220 72 427 166 Página 9
1954 83 2229 161 Fémina
1313 801 1662 894 Primorosa
1528 895 1777 981 A Nidia Batlle.
1226 972 1691 1038 El poeta ha de escribir
1191 1025 1690 1077 un verso, para el primor
1179 1075 1582 1127 de tu belleza gentil,
1193 1117 1701 1183 que es un poema de amor.
892 1170 1288 1243 Y la musa diligente
844 1237 1321 1291 busca un motivo de luz;
840 1271 1280 1334 eres un alba naciente
844 1319 1368 1406 prendida en un cielo azul.
890 1384 1321 1452 Para tu cuerpo ideal
861 1444 1441 1495 —sin que tú te lo presumas,—
840 1483 1334 1538 dá su fragancia el rosal
840 1522 1441 1612 y el mar sus blancas espumas.
1577 1171 2083 1248 Tu alma nació de alguna
1533 1230 1954 1292 terneza de tibio nido?
1528 1274 2018 1329 o fué de un hilo de luna
1530 1320 2021 1379 entre la niebla dormido?
1578 1373 2068 1452 Tu alma y tu cuerpo son
1530 1440 2015 1495 para el poeta, que pena,
1528 1486 1997 1540 un perfume de azucena
1536 1525 1998 1595 y un poema de arrebol.
885 1601 1459 1702 Puerto Plata, Julio 22, 1922.
1629 1600 2083 1687 ENRIQUE CAMBIER.
502 2010 1041 2138 Bodas Elegantes.
336 2212 1259 2291 El día 23 del ppdo, mes de Septiembre
288 2279 1255 2335 celebraron sus bodas en esta ciudad el co¬
286 2335 1262 2401 rrecto caballero y exquisito poeta Manuel
288 2418 1257 2478 Alfaro Reyes, alto comerciante de esta pla¬
282 2464 1257 2561 za, y la bella y sugestiva Srta. Mercedes A.
282 2533 644 2621 Ricart y Ricart.
348 2604 1263 2705 "Fémina" deposita fragantes flores a los
288 2681 1268 2754 pies de los jóvenes desposados, y desea
282 2743 1260 2836 para ese nuevo hogar, una ventura inter¬
280 2821 492 2905 minable.
1483 2140 1970 2251 Charada No. 1.
1423 2331 2003 2396 Prima las almas piadosas
1426 2400 1988 2485 suelen siempre atesorar;
1423 2471 2027 2541 y dos tres en las entrañas
1420 2538 2098 2621 de la tierrá has de encontrar.
1838 2660 2134 2739 MAGNOLIA.
