2479 3508
174 114 453 192 Fémina
445 223 2051 423 Por el Mundo ocial.
2011 88 2232 184 Pgina 10
148 624 529 714 Cambio en la Redacción.
190 698 1197 762 Las múltiples ocupaciones del Sr. V Valera
150 744 1189 804 Reyes, no le permiten seguir cumpliendo con
142 784 1173 862 las atenciones del cargo de Redactor de esta Re-
154 834 1185 896 vista, cediendo galantemente su puesto a la Sra.
156 880 1185 942 María L. de Canino, cuyo es el bello Editorial de
154 932 577 999 la presente edición.
200 966 1177 1029 Ha sido muy oportuna como caballerosa la con
148 1015 1189 1079 ducta del Sr. Reyes. "Fémina" dándole las
150 1061 1185 1131 gracias, a la par que lamenta la separación del
154 1105 1183 1159 compañero, saluda a la nueva Redactora y se fe-
156 1149 1185 1237 licita a si misma porque presiente horizontes
154 1207 305 1279 de luz.
166 1257 423 1347 Especial mención.
200 1337 1201 1395 Llamamos la atención de nuestros lectores
154 1389 1189 1450 acerca del delicado trabajo literario de nuestra
156 1430 1181 1488 activa agente en Sto. Domingo y decidida coope-
160 1474 1185 1536 radora en pro de nuestra empresa Srta. Leda
172 1526 519 1600 Eduvigis Rosas.
200 1554 1201 1624 La Srta. Rosas y su compañera de estudios
160 1608 1195 1682 Srta; Flor Ma. Piñeyro, fueron las primeras Li-
166 1668 1203 1738 cenciadas en Farmacia, del sexo femenino, gra-
156 1704 738 1784 duadas en esta Repúplica.
170 1758 325 1855 Mejorado.
211 1815 1195 1913 Nos alegramos que haya mejorado de los se-
168 1891 1205 1953 rios quebrantos de salud que le aquejaban, el
160 1941 1201 1995 simpático Alfonso, último retoño de los esposos
168 1977 1193 2047 Don Mignel Rodríguez y Doña Alfonsina de Ro-
166 2023 1209 2081 dríguez, Directores de nuestro apreciado colega
190 2077 457 2151 "La Prensa".
172 2129 505 2226 Sensible falecimiento.
209 2204 1211 2264 El dia 3 del pdo. Setiembre rindió la jornada
172 2258 1211 2320 de la vida en la ciudad Capítal, el estimadísimo
174 2308 1201 2368 Sr. Juan Espinal y Peña, esposo de ñuestra ami-
172 2350 1211 2428 ga Doña Teresa Peña de Espinal, Directora de la
172 2400 640 2464 Revista "Quisqueya".
221 2432 1207 2508 Era el fenecido, ciudadano pacífico, y persona
174 2486 1205 2540 muy apreciada por sus bellas prendas morales.
221 2532 1207 2594 Duerma en la paz del Sr. el amigo sincero y
174 2578 1199 2639 bueno, y reciban sus familiares nuestra condo-
174 2631 327 2705 lencia.
176 2687 285 2769 Adios.
223 2757 1211 2827 Se ha despedido de nosotros, de viaje para
184 2801 1213 2867 New York, la distinguida Srta: Delia Dubot, in-
180 2859 1211 2921 teligente cronista literaria, quien nos ha prome-
184 2905 1209 2961 tido enviar de vez en cuando, para "Fémina", im-
178 2951 1113 3012 presiones recogidas en su nueva residencia.
229 2996 888 3070 Que ellas sean siempre gratas.
180 3056 435 3144 Hogar en festa.
215 3122 1221 3214 El dia 2 del pasado Setiembre, con motivo del
1227 589 2266 680 primer aniversario de sus bodas celebróse una
1225 662 2266 746 simpática fiesta en el hogar de los esposos Cani-
1227 716 1480 774 no-Angelis.
1265 730 2262 804 Varios amigos concurrieron a presentarle sus
1231 794 2260 860 felicitaciones. Entre derroche de fineza, hubie-
1231 852 2262 902 ron brindis, recitaciones, bailes; saliendo los con-
1237 886 2266 950 currentes de allí, muy satisfechos de las finas
1229 930 2260 1017 atenciones que recibieron de parte de los feste-
1239 986 1371 1047 jados.
1225 1037 1422 1129 Hogar feliz.
1273 1099 2268 1177 Nos unimos al regocijo de los esposos Baez So-
1233 1161 2260 1253 ler-Benzo, por el nacimiento de su priner infante.
1231 1273 1612 1363 Salisfacciones del hogar.
1279 1351 2274 1418 Después de haber pasado una temporada en la
1237 1396 2268 1464 vecina isla de Puerto Rico, donde residen los fa-
1237 1446 2274 1506 miliares de la esposa, han regresado con la pre-
1237 1494 2274 1550 ciosa carga de un lindo baby, los esposos Arman-
1239 1544 1999 1612 do Moreaux y Teresa de Moreaux.
1279 1590 1678 1662 Sean bienvenidos.
1237 1646 1456 1736 Equivocación.
1281 1718 2276 1784 Al presentar los nombres que le corresponden
1237 1774 2284 1843 a las Dignidades Eclesiásticas de nuestro cliché
1239 1817 2284 1879 de la página 3a., en nuestro número anterior su-
1245 1861 2280 1921 frimos una equivocación que deploramos. Para
1245 1909 2280 1983 corregirla, bastará leerlos al contrario, o sea de
1243 1957 1993 2031 derecha a izquierda. Excúsennos.
1243 2017 1353 2099 Ohito.
1285 2087 2284 2149 El día 28 del ppdo. Stbre., tras larga y penosa
1245 2145 2280 2206 enfermedad, ha rendido su alma al Creador, en
1243 2189 2280 2236 esta ciudad la respetable señora Doña Juana I.
1257 2232 2286 2286 Vda. Escotto, miembro de la apreciable familia
1251 2278 2276 2346 Escotto Isambert, a quienes presentamos nues-
1255 2334 1684 2404 tro sentido pésame.
1257 2392 1448 2484 Amenidades.
1293 2462 2284 2528 Con el fin de presentar amenidades a nuestros
1249 2528 2284 2590 amables lectores, tenemos el gusto de abrir des-
1251 2566 2163 2635 de este número una campaña charadística.
1293 2607 2298 2669 Obsequiaremos con novelas cortas, de buenos
1243 2665 2298 2725 autores a la dama que nos honre enviándonos su
1247 2703 2286 2775 solución, antes de la salida de la edición siguien-
1249 2763 1327 2813 te.
1297 2767 2286 2879 Si mas de una dama enviaren solución, el pre-
1257 2845 1658 2925 mio será sorteado.
1267 2909 1534 3002 Redactor de Soto.
1293 2973 2310 3054 Desde hace pocos dias se ha hecho cargo de la
1257 3038 2304 3102 Redacción de nuestro estimado colega "Boletín
1263 3088 2268 3156 Mercantil", nuestro amigo Sr. Moisés de Soto.
1305 3136 1644 3206 Lo celebramos.
