2479 3508
164 99 432 181 Femina
1990 63 2200 145 Página 6
646 286 1176 398 Tu Nombre.
398 454 1179 533 Amado te he mentido. La sincera
393 502 1192 575 confesión que te hago no te asombre:
402 558 1128 624 yo, no te amo por tus dulces ojos,
397 609 1153 675 ni por tu audaz y negra cabellera,
397 655 1158 718 ni por tus labios cálidos y rojos....
758 670 1343 770 iyo te amo por tu nombre!
399 766 1393 851 ¡Es tu nombre, es tu nombre el que conmueve
391 836 1122 894 las mas íntimas fibras de mi vida!
402 874 1210 942 Lo murmuro en voz baja en mi retiro;
399 926 1157 994 lo digo con fervor al viento leve....
398 975 1086 1045 ilo canto, lo disuelvo, lo suspiro,
758 1008 1218 1097 lo grito extremecida!
399 1105 1168 1188 Cuando la duda mi ánimo conturba
405 1159 1256 1231 o la ansiedad mas honda me extremece;
401 1209 1185 1276 cuando, lejos de tí, se hace la noche,
417 1255 1140 1314 y mi angustiado corazón se turba,
407 1295 1272 1363 idoy a tu nombre el tono de un reproche
760 1344 1213 1412 y el mal desaparece!
407 1431 1386 1502 ¡Es tu nombre, es tu nombre el que yo adoro!
405 1488 1047 1556 iEl es como la gota necesaria
413 1531 1163 1593 para hacer desbordar la llena copa!
410 1580 1190 1649 ¡Como un clarín romántico y sonoro
413 1624 1187 1690 a cuyo son se puebla de áurea tropa
769 1670 1166 1747 mi selva solitaria!
428 1756 1179 1825 iNo te amo por tu frente pensativa,
407 1818 1128 1869 ni por tus claros, soñadores ojos,
413 1864 1209 1913 ni por tu boca sabia en la tortura...
413 1906 1168 1967 ¡Yo sé que no soy dueña de la viva
407 1955 1128 2011 llama de tu ideal, ni de la impura
775 1990 1218 2072 claridad de tus ojos!
410 2063 1273 2150 ¡Yo sé que esos tus labios, que con tales
417 2138 1234 2197 ardores hoy se incendian en los míos,
417 2187 1118 2249 en otros labios arderán mañana!
432 2227 1161 2283 Y sé también que tales vendabales
430 2274 1187 2350 pasan... y que la Pálida se afana
779 2321 1255 2386 en moderar sus bríos!
425 2398 1174 2473 Amado: cuando al fin de la jornada
413 2465 1163 2537 tu lámpara se apague, cual la mía,
422 2502 1211 2572 polvo, polvo no mas, polvo infecundo
420 2559 1190 2621 seremos, esparcidos en la nada....
422 2593 1265 2678 imas vibrará en los ámbitos del mundo
789 2645 1210 2724 tu nombre todavía!
841 2723 1472 2820 MARIBLANCA SABAS ALOMA.
424 2823 1203 2926 Santiago de Cuba, Marzo 7 del 1922.
