2479 3508
227 62 429 171 Página 3
611 247 992 347 Democracia
742 385 913 417 —
743 417 913 440 —
337 476 1158 553 Sobre una panoplia polvorienta y ruda-
333 553 1253 613 que el tiempo y el moho llevan á la muerte,
337 604 1257 677 se cruza una espada, noble, heróica, aguda,
340 664 1131 728 con villana daga, corta, ruin y fuerte.
337 719 1168 791 La espada orgullosa la daga contempla
347 784 1059 847 y altiva le dice con noble ademán:
318 845 1259 917 ¿Desde cuando aceros q. el gran Tajo templa
340 900 1154 977 se mezclan con armas de porte rufian?
339 957 1131 1032 ¿Quien ató mi hoja firme y libre ayer,
333 1006 1124 1082 de infanzones nobles, fuerza y adalid
332 1073 1171 1141 con tu negro acero que algún mercader
340 1126 985 1210 a traición usara en infame lid?
337 1189 1102 1248 Señora: responde la daga oportuna,
337 1252 1174 1310 en mi compañía no encontreis desdoro,
333 1312 1229 1368 el tiempo ha hecho noble mi plebeya cuna;
333 1362 1149 1423 la mano del hombre, codiciando el oro,
332 1426 1053 1487 osó hasta la negra torre pavorosa
333 1480 1176 1547 y tanto ha revuelto por los campos esos
333 1545 1153 1606 que quizá descansen en la misma fosa.
337 1606 1230 1687 de nuestros dos amos los helados huesos!!
491 1882 872 1977 Ayer y Hoy.
788 2016 1122 2084 A una Azucena.
286 2092 943 2145 Ayer, el céfiro loco enamorado
231 2145 970 2189 traía a mi aliento para darme vida.
235 2183 1019 2244 la esencia casta y pura, desprendida
189 2230 916 2302 de tu cáliz de nieve perfumado.
283 2331 964 2386 Te erguías en tu cáliz como una
229 2373 922 2429 dama gentil radiante de alegría;
240 2420 773 2470 y tu nevado seno recibía
231 2454 892 2534 un pálido y sutil rayo de luna.
286 2536 1041 2623 Hoy tu cáliz no está de albura lleno,
238 2605 967 2664 yace marchito, triste, amarillento;
231 2657 994 2730 sólo me cuenta del dolor la historia.
292 2741 985 2803 Y aquel perfume raro de tu seno
240 2788 967 2843 envuelto entre la túnica del viento
244 2825 1137 2895 huyó hacia el cielo y se quedó en la gloria.
625 2917 1117 3003 PETRONILA A. GOMEZ.
1963 86 2239 159 Fémina
1482 229 1926 338 A la Muerte.
1642 365 1801 395 —
1642 395 1801 420 —
1294 470 1938 551 En una copa de marfil tallado,
1294 533 1991 599 de amarillo color y fina hechura,
1300 596 2045 664 dicen que guardas un licor sagrado
1294 647 1944 720 de venenosa flor esencia pura.
1300 706 1982 782 Basta una sola gota, derramada
1294 766 1901 840 en el ánfora clara de la vida,
1300 818 2039 903 para que en negra póxima trocada,
1294 878 2030 951 quede su fresca y esencial bebida.
1294 936 2085 998 Dicen que en hondo sueño sumerjido,
1294 993 2067 1068 queda el que bebe tu brebaje helado,
1298 1056 1989 1134 de flor de adormideras extraído,
1300 1108 1939 1188 con agua del Leteo preparado.
1294 1172 2017 1243 Cuando cansada de la lucha ruda,
1304 1228 2042 1296 con la vida mi cuenta haya saldado,
1294 1286 2108 1362 ven, madre de los tristes, en mi ayuda
1298 1339 2042 1409 y en tu gran copa de marfil tallado,
1298 1405 2065 1474 del negro néctar, déjame embriagar:
1294 1455 1906 1536 lenitivo del mal y del pecado,
1300 1515 2045 1600 que dá el placer inmenso de soñar!!
1536 1588 2064 1672 CARIDAD BRAVO ADAMS.
1420 1867 2068 1985 Lógica de una niña.
1412 2000 1904 2079 Abuela; perdí la calma.
1421 2065 1985 2127 desde que mi perro murió
1408 2116 1819 2187 habrá ido al cielo?
1712 2163 2003 2241 ¡Hija no!...
1412 2213 1991 2291 Los perros no tienen alma.
1414 2281 2017 2343 —¿Y esa madrasta que á mí
1412 2338 1940 2400 sin cesar me reconviene
1413 2384 1665 2455 tiene alma?
1713 2422 2034 2510 —Esa sí la tiene
1407 2481 1906 2564 —El perro no y ella sí?
1413 2533 2003 2616 ¡Ay! pues mi razón no llega
1412 2599 1921 2669 a entender, abuela mía,
1412 2652 1982 2726 porque el perro me quería
1408 2706 1935 2795 y mi madrasta me pega.
1626 2787 2019 2857 Por la traducción,
1570 2843 2057 2927 B. PORTELA ALVAREZ.
1408 2917 1503 3002 1922
